0740000002001353907Czech Goods s.r.o.  01111900000013280900+00000016514842+000000461730770000000494070190011300424FIO           
0750000002001353906000000000000000000000000000000000000025995656349310200000000000000000000000000306-1765656-3493102000124010224
0750000002001353906000000000000000000000000000000000000028005656349310200000000000000000000000000306-1765656-3493102000124010224
0750000002001353906000000000000000000000000000000000000030995382166195300000000000000000000000000306-9488382-1661953000124010224
0750000002001353906000000000000000000000000000000000000065982785223792300000000000000000000000000302-8061785-2237923000124020224
0750000002001353906000000000000000000000000000000000000026982556014594100000000000000000000000000303-3892556-0145941000124020224
0750000002001353906000000000000000000000000000000000000027982368159230600000000000000000000000000306-3588368-1592306000124020224
0750000002001353906000000000000000000000000000000000000056982240839233200000000000000000000000000302-5750240-8392332000124020224
0750000002001353906000000000000000000000000000000000000042982503389153800000000000000000000000000306-2488503-3891538000124050224
0750000002001353906000000000000000000000000000000000000017982588419071900000000000000000000000000305-6582588-4190719000124050224
0750000002001353906000000000000000000000000000000000000022982019691233700000000000000000000000000303-9998019-6912337000124050224
0750000002001353906000000000000000000000000000000000000021982258617553100000000000000000000000000028-9982258-6175531000124050224
0750000002001353906000000000000000000000000000000000000056982173302034800000000000000000000000000306-0305173-3020348000124050224
0750000002001353906000000000000000000000000000000000000038972485856594000000000000000000000000000306-7105485-8565940000124050224
0750000002001353906000000000000000000000000000000000000029992130178432900000000000000000000000000304-0450130-1784329000124050224
0750000002001353906000000000000000000000000000000000000022982382413951300000000000000000000000000303-2416382-4139513000124050224
0750000002001353906000000000000000000000000000000000000024172565468913900000000000000000000000000028-8741565-4689139000124050224
0750000002001353906000000000000000000000000000000000000036982280684270800000000000000000000000000305-7251280-6842708000124060224
0750000002001353906000000000000000000000000000000000000036992245366432100000000000000000000000000028-8091245-3664321000124060224
0750000002001353906000000000000000000000000000000000000050992276651314800000000000000000000000000304-6182276-6513148000124060224
0750000002001353906000000000000000000000000000000000000032922945457794500000000000000000000000000303-9101945-4577945000124060224
0750000002001353906000000000000000000000000000000000000022942619519712500000000000000000000000000306-4709619-5197125000124070224
0750000002001353906000000000000000000000000000000000000019982439102511200000000000000000000000000303-1532439-1025112000124070224
0750000002001353906000000000000000000000000000000000000020992402314755100000000000000000000000000304-4258402-3147551000124070224
0750000002001353906000000000000000000000000000000000000019982602970910100000000000000000000000000302-3020602-9709101000124090224
0750000002001353906000000000000000000000000000000000000132032857171952100000000000000000000000000305-2465857-1719521000124090224
0750000002001353906000000000000000000000000000000000000019982686321074600000000000000000000000000303-9901686-3210746000124090224
0750000002001353906000000000000000000000000000000000000047992675649476600000000000000000000000000302-8608675-6494766000124120224
0750000002001353906000000000000000000000000000000000000018982743710517700000000000000000000000000028-0051743-7105177000124120224
0750000002001353906000000000000000000000000000000000000026992914723715400000000000000000000000000302-6438914-7237154000124120224
0750000002001353906000000000000000000000000000000000000024992920645956900000000000000000000000000306-8163920-6459569000124120224
0750000002001353906000000000000000000000000000000000000025982866870032700000000000000000000000000303-0672866-8700327000124120224
0750000002001353906000000000000000000000000000000000000019982541174671300000000000000000000000000028-2571541-1746713000124120224
07500000020013539060000000000000000000000000000000000008894710000000000000000000000000000000000000000000000000000000000124140224
0750000002001353906000000000000000000000000000000000000020942633485554400000000000000000000000000306-7575633-4855544000124140224
0750000002001353906000000000000000000000000000000000000020942966684036400000000000000000000000000306-2945966-6840364000124140224
0750000002001353906000000000000000000000000000000000000027982396098592300000000000000000000000000303-6542396-0985923000124140224
0750000002001353906000000000000000000000000000000000000018992034461712400000000000000000000000000304-1646034-4617124000124160224
0750000002001353906000000000000000000000000000000000000019002559570591000000000000000000000000000306-9936559-5705910000124160224
0750000002001353906000000000000000000000000000000000000018992559570591000000000000000000000000000306-9936559-5705910000124160224
0750000002001353906000000000000000000000000000000000000019002559570591000000000000000000000000000306-9936559-5705910000124160224
0750000002001353906000000000000000000000000000000000000020982274071791500000000000000000000000000306-2995274-0717915000124160224
0750000002001353906000000000000000000000000000000000000020992274071791500000000000000000000000000306-2995274-0717915000124160224
0750000002001353906000000000000000000000000000000000000012992274071791500000000000000000000000000306-2995274-0717915000124160224
0750000002001353906000000000000000000000000000000000000057992134693071600000000000000000000000000028-4566134-6930716000124160224
0750000002001353906000000000000000000000000000000000000019942403917070500000000000000000000000000302-4411403-9170705000124160224
0750000002001353906000000000000000000000000000000000000012992415171954900000000000000000000000000306-0126415-1719549000124160224
0750000002001353906000000000000000000000000000000000000014982086272831400000000000000000000000000305-9773086-2728314000124160224
0750000002001353906000000000000000000000000000000000000027982045812276500000000000000000000000000304-6565045-8122765000124170224
0750000002001353906000000000000000000000000000000000000018992501044271500000000000000000000000000028-8533501-0442715000124170224
0750000002001353906000000000000000000000000000000000000027982497405956200000000000000000000000000306-3076497-4059562000124170224
0750000002001353906000000000000000000000000000000000000017982080268434300000000000000000000000000306-2409080-2684343000124180224
0750000002001353906000000000000000000000000000000000000036892758402195900000000000000000000000000302-8687758-4021959000124190224
0750000002001353906000000000000000000000000000000000000036992865055234000000000000000000000000000305-5884865-0552340000124190224
0750000002001353906000000000000000000000000000000000000243582662637796600000000000000000000000000302-3327662-6377966000124190224
0750000002001353906000000000000000000000000000000000000027982593236030000000000000000000000000000306-8880593-2360300000124190224
0750000002001353906000000000000000000000000000000000000021982248317875800000000000000000000000000028-4739248-3178758000124190224
0750000002001353906000000000000000000000000000000000000011092216371635600000000000000000000000000303-1424216-3716356000124190224
0750000002001353906000000000000000000000000000000000000021942138463231900000000000000000000000000306-6170138-4632319000124210224
0750000002001353906000000000000000000000000000000000000027982811803552300000000000000000000000000302-4490811-8035523000124210224
0750000002001353906000000000000000000000000000000000000043972114605311000000000000000000000000000306-3369114-6053110000124210224
0750000002001353906000000000000000000000000000000000000022982906969791400000000000000000000000000304-3967906-9697914000124210224
0750000002001353906000000000000000000000000000000000000022972419560994000000000000000000000000000028-2954419-5609940000124210224
0750000002001353906000000000000000000000000000000000000026652393212193900000000000000000000000000028-2686393-2121939000124210224
0750000002001353906000000000000000000000000000000000000013942355161232200000000000000000000000000028-3305355-1612322000124230224
0750000002001353906000000000000000000000000000000000000041982378368195000000000000000000000000000305-3504378-3681950000124230224
0750000002001353906000000000000000000000000000000000000025982242716516000000000000000000000000000306-9168242-7165160000124230224
0750000002001353906000000000000000000000000000000000000021992957928996600000000000000000000000000302-5029957-9289966000124230224
0750000002001353906000000000000000000000000000000000000022982405399716300000000000000000000000000305-0899405-3997163000124260224
0750000002001353906000000000000000000000000000000000000022982953899556900000000000000000000000000306-1222953-8995569000124260224
0750000002001353906000000000000000000000000000000000000027982996770112800000000000000000000000000306-6411996-7701128000124260224
0750000002001353906000000000000000000000000000000000000017972473064435400000000000000000000000000302-1163473-0644354000124260224
0750000002001353906000000000000000000000000000000000000041982001927472900000000000000000000000000028-4821001-9274729000124260224
0750000002001353906000000000000000000000000000000000000017982560379713000000000000000000000000000305-3309560-3797130000124260224
07500000020013539060000000000000000000000000000000000011739910000000000000000000000000000000000000000000000000000000000124280224
0750000002001353906000000000000000000000000000000000000076992447761233500000000000000000000000000305-9543447-7612335000124280224
0750000002001353906000000000000000000000000000000000000022982292976995000000000000000000000000000305-0749292-9769950000124280224
0750000002001353906000000000000000000000000000000000000016992413366994900000000000000000000000000305-7475413-3669949000124280224
0750000002001353906000000000000000000000000000000000000027982948147710800000000000000000000000000303-3843948-1477108000124280224
0750000002001353906000000000000000000000000000000000000045952391726275000000000000000000000000000305-9248391-7262750000124280224