0740000002001353907Czech Goods s.r.o.  01111900000013280900+00000016514842+000000461730770000000494070190011300424FIO           
0750000002001353909000000000000000000000000000000000000036992960444431100000000000000000000000000404-0557960-4444311000124020224
0750000002001353909000000000000000000000000000000000000066992406721236000000000000000000000000000403-5955406-7212360000124020224
0750000002001353909000000000000000000000000000000000000031002758275155300000000000000000000000000405-9855758-2751553000124020224
0750000002001353909000000000000000000000000000000000000021992376092833200000000000000000000000000404-2024376-0928332000124020224
0750000002001353909000000000000000000000000000000000000015032376092833200000000000000000000000000404-2024376-0928332000124020224
0750000002001353909000000000000000000000000000000000000072835072671791800000000000000000000000000402-4534072-6717918000124020224
0750000002001353909000000000000000000000000000000000000040992971982670800000000000000000000000000404-1785971-9826708000124050224
0750000002001353909000000000000000000000000000000000000086002200747712600000000000000000000000000403-4234200-7477126000124050224
0750000002001353909000000000000000000000000000000000000013155460191715700000000000000000000000000406-0903460-1917157000124060224
0750000002001353909000000000000000000000000000000000000021452474813154800000000000000000000000000404-2990474-8131548000124090224
0750000002001353909000000000000000000000000000000000000022492474813154800000000000000000000000000404-2990474-8131548000124090224
0750000002001353909000000000000000000000000000000000000053002922843075800000000000000000000000000406-3877922-8430758000124090224
0750000002001353909000000000000000000000000000000000000051992161086915200000000000000000000000000402-8809161-0869152000124120224
07500000020013539090000000000000000000000000000000000002126710000000000000000000000000000000000000000000000000000000000124140224
0750000002001353909000000000000000000000000000000000000017492556072996500000000000000000000000000403-5653556-0729965000124140224
0750000002001353909000000000000000000000000000000000000046002658624754200000000000000000000000000406-5991658-6247542000124140224
0750000002001353909000000000000000000000000000000000000062002658624754200000000000000000000000000406-5991658-6247542000124140224
0750000002001353909000000000000000000000000000000000000009905072671791800000000000000000000000000402-4534072-6717918000124140224
0750000002001353909000000000000000000000000000000000000036992305193872000000000000000000000000000171-7033305-1938720000124160224
0750000002001353909000000000000000000000000000000000000020002460080513600000000000000000000000000404-6550460-0805136000124190224
0750000002001353909000000000000000000000000000000000000073002270508916200000000000000000000000000407-9398270-5089162000124210224
0750000002001353909000000000000000000000000000000000000040982747499636800000000000000000000000000407-4489747-4996368000124230224
0750000002001353909000000000000000000000000000000000000076392856850995500000000000000000000000000171-0101856-8509955000124230224
0750000002001353909000000000000000000000000000000000000061105072671791800000000000000000000000000402-4534072-6717918000124230224
0750000002001353909000000000000000000000000000000000000000005072671791800000000000000000000000000402-4534072-6717918000124230224
0750000002001353909000000000000000000000000000000000000049952129931951800000000000000000000000000408-0333129-9319518000124260224
07500000020013539090000000000000000000000000000000000003190010000000000000000000000000000000000000000000000000000000000124280224
0750000002001353909000000000000000000000000000000000000082002640839635100000000000000000000000000402-0314640-8396351000124280224
0750000002001353909000000000000000000000000000000000000061002466793876500000000000000000000000000405-7621466-7938765000124280224