0740000002001353907Czech Goods s.r.o.  01111900000013280900+00000016514842+000000461730770000000494070190011300424FIO           
0750000002001353903000000000000000000000000000000000020980002704377906200000000000000000000000000249-1037704-3779062000124010224
0750000002001353903000000000000000000000000000000000007370002101508542700000000000000000000000000249-0460101-5085427000124010224
0750000002001353903000000000000000000000000000000000007098002843811500400000000000000000000000000250-5267843-8115004000124010224
0750000002001353903000000000000000000000000000000000002797002843811500400000000000000000000000000250-5267843-8115004000124010224
0750000002001353903000000000000000000000000000000000001398002843811500400000000000000000000000000250-5267843-8115004000124010224
0750000002001353903000000000000000000000000000000000001498002843811500400000000000000000000000000250-5267843-8115004000124010224
0750000002001353903000000000000000000000000000000000001599002843811500400000000000000000000000000250-5267843-8115004000124010224
0750000002001353903000000000000000000000000000000000003680002657559503500000000000000000000000000250-2089657-5595035000124010224
07500000020013539030000000000000000000000000000000000713960010000000000000000000000000000000000000000000000000000000000124030224
0750000002001353903000000000000000000000000000000000002980002232714462600000000000000000000000000249-8446232-7144626000124060224
0750000002001353903000000000000000000000000000000000002980002963202145700000000000000000000000000250-1906963-2021457000124070224
0750000002001353903000000000000000000000000000000000003188002132978301600000000000000000000000000503-5889132-9783016000124070224
0750000002001353903000000000000000000000000000000000002980002759521981300000000000000000000000000250-4430759-5219813000124100224
0750000002001353903000000000000000000000000000000000004790002341839426800000000000000000000000000250-5563341-8394268000124130224
0750000002001353903000000000000000000000000000000000002980002706480222500000000000000000000000000250-0390706-4802225000124140224
0750000002001353903000000000000000000000000000000000002980002029249344600000000000000000000000000503-2882029-2493446000124140224
0750000002001353903000000000000000000000000000000000020980002820559263500000000000000000000000000250-2151820-5592635000124160224
0750000002001353903000000000000000000000000000000000003680002300741422700000000000000000000000000503-2444300-7414227000124170224
0750000002001353903000000000000000000000000000000000001806002539638783600000000000000000000000000249-5561539-6387836000124200224
0750000002001353903000000000000000000000000000000000003480002307251982400000000000000000000000000250-3073307-2519824000124210224
0750000002001353903000000000000000000000000000000000003980002024057261000000000000000000000000000503-2781024-0572610000124220224
0750000002001353903000000000000000000000000000000000015980002494970460900000000000000000000000000250-7840494-9704609000124220224
0750000002001353903000000000000000000000000000000000009790002785099981000000000000000000000000000503-5488785-0999810000124230224
0750000002001353903000000000000000000000000000000000003480002051557984800000000000000000000000000503-7956051-5579848000124230224
0750000002001353903000000000000000000000000000000000001780002564255101700000000000000000000000000249-6302564-2551017000124240224
0750000002001353903000000000000000000000000000000000003480002654546783700000000000000000000000000249-6658654-5467837000124280224
0750000002001353903000000000000000000000000000000000003980002759887345500000000000000000000000000503-9084759-8873455000124280224
0750000002001353903000000000000000000000000000000000007370002620919186500000000000000000000000000503-2076620-9191865000124280224
0750000002001353903000000000000000000000000000000000007289002564960864500000000000000000000000000503-8787564-9608645000124290224
0750000002001353903000000000000000000000000000000000003980002843352300100000000000000000000000000503-0126843-3523001000124290224