0740000002001353907Czech Goods s.r.o.  01111900000013280900+00000016514842+000000461730770000000494070190011300424FIO           
07500000020013539130000000000000000000000000000000000005200021514960562000000000000000000000000002151496056200000000000124090224
07500000020013539130000000000000000000000000000000000002790021514960562000000000000000000000000002151496056200000000000124230224
07500000020013539130000000000000000000000000000000000004420011607040132000000000000000000000000002160704013200000000000124270224