0740000002001353907Czech Goods s.r.o.  01111900000013280900+00000016514842+000000461730770000000494070190011300424FIO           
07500000020013539220000000000000000000000000000000000001059720000003471000000000000000000000000003471000000000000000000124270224
07500000020013539220000000000000000000000000000000000000240020000003469000000000000000000000000003469000000000000000000124260224
07500000020013539220000000000000000000000000000000000000768020000003468000000000000000000000000003468000000000000000000124260224
07500000020013539220000000000000000000000000000000000000221020000003467000000000000000000000000003467000000000000000000124250224
07500000020013539220000000000000000000000000000000000002238920000003465000000000000000000000000003465000000000000000000124240224
07500000020013539220000000000000000000000000000000000002144950000003265000000000000000000000000003265000000000000000000124240224
07500000020013539220000000000000000000000000000000000000153050000003420000000000000000000000000003420000000000000000000124240224
07500000020013539220000000000000000000000000000000000001350020000003463000000000000000000000000003463000000000000000000124230224
07500000020013539220000000000000000000000000000000000000221020000003461000000000000000000000000003461000000000000000000124230224
07500000020013539220000000000000000000000000000000000000758420000003460000000000000000000000000003460000000000000000000124220224
07500000020013539220000000000000000000000000000000000001070050000003450000000000000000000000000003450000000000000000000124220224
07500000020013539220000000000000000000000000000000000001006520000003458000000000000000000000000003458000000000000000000124220224
07500000020013539220000000000000000000000000000000000000578020000003457000000000000000000000000003457000000000000000000124220224
07500000020013539220000000000000000000000000000000000000165020000003456000000000000000000000000003456000000000000000000124210224
07500000020013539220000000000000000000000000000000000000740020000003455000000000000000000000000003455000000000000000000124210224
07500000020013539220000000000000000000000000000000000000528520000003454000000000000000000000000003454000000000000000000124210224
07500000020013539220000000000000000000000000000000000000630020000003451000000000000000000000000003451000000000000000000124210224
07500000020013539220000000000000000000000000000000000001070020000003450000000000000000000000000003450000000000000000000124200224
07500000020013539220000000000000000000000000000000000000399020000003448000000000000000000000000003448000000000000000000124200224
07500000020013539220000000000000000000000000000000000000470020000003445000000000000000000000000003445000000000000000000124180224
07500000020013539220000000000000000000000000000000000000653420000003443000000000000000000000000003443000000000000000000124170224
07500000020013539220000000000000000000000000000000000000220020000003440000000000000000000000000003440000000000000000000124170224
07500000020013539220000000000000000000000000000000000000344220000003439000000000000000000000000003439000000000000000000124170224
07500000020013539220000000000000000000000000000000000000380020000003438000000000000000000000000003438000000000000000000124170224
07500000020013539220000000000000000000000000000000000000249050000003402000000000000000000000000003402000000000000000000124160224
07500000020013539220000000000000000000000000000000000003860020000003434000000000000000000000000003434000000000000000000124150224
07500000020013539220000000000000000000000000000000000000629920000003433000000000000000000000000003433000000000000000000124140224
07500000020013539220000000000000000000000000000000000000380020000003430000000000000000000000000003430000000000000000000124130224
07500000020013539220000000000000000000000000000000000000249920000003429000000000000000000000000003429000000000000000000124130224
07500000020013539220000000000000000000000000000000000003648120000003428000000000000000000000000003428000000000000000000124120224
07500000020013539220000000000000000000000000000000000001244020000003424000000000000000000000000003424000000000000000000124110224
07500000020013539220000000000000000000000000000000000000769820000003423000000000000000000000000003423000000000000000000124110224
07500000020013539220000000000000000000000000000000000000299020000003422000000000000000000000000003422000000000000000000124100224
07500000020013539220000000000000000000000000000000000000359920000003421000000000000000000000000003421000000000000000000124100224
07500000020013539220000000000000000000000000000000000000558020000003420000000000000000000000000003420000000000000000000124100224
07500000020013539220000000000000000000000000000000000000428520000003419000000000000000000000000003419000000000000000000124090224
07500000020013539220000000000000000000000000000000000000254020000003418000000000000000000000000003418000000000000000000124090224
07500000020013539220000000000000000000000000000000000000699820000003415000000000000000000000000003415000000000000000000124080224
07500000020013539220000000000000000000000000000000000000648020000003413000000000000000000000000003413000000000000000000124070224
07500000020013539220000000000000000000000000000000000000170020000003412000000000000000000000000003412000000000000000000124050224
07500000020013539220000000000000000000000000000000000000660020000003407000000000000000000000000003407000000000000000000124040224
07500000020013539220000000000000000000000000000000000001800020000003405000000000000000000000000003405000000000000000000124040224
07500000020013539220000000000000000000000000000000000000399020000003403000000000000000000000000003403000000000000000000124030224
07500000020013539220000000000000000000000000000000000000249020000003402000000000000000000000000003402000000000000000000124030224
07500000020013539220000000000000000000000000000000000001019020000003401000000000000000000000000003401000000000000000000124030224
07500000020013539220000000000000000000000000000000000000160020000003400000000000000000000000000003400000000000000000000124030224
07500000020013539220000000000000000000000000000000000000400020000003399000000000000000000000000003399000000000000000000124020224
07500000020013539220000000000000000000000000000000000001590020000003397000000000000000000000000003397000000000000000000124010224
07500000020013539220000000000000000000000000000000000000299920000003396000000000000000000000000003396000000000000000000124010224