0740000002001353907Czech Goods s.r.o.  01111900000013280900+00000016514842+000000461730770000000494070190011300424FIO           
0750000002001353905000000000000000000000000000000000000032982594059554100000000000000000000000000026-5276594-0595541000124020224
0750000002001353905000000000000000000000000000000000000025972631281952600000000000000000000000000205-7569631-2819526000124020224
0750000002001353905000000000000000000000000000000000000017982652690996200000000000000000000000000203-2855652-6909962000124020224
0750000002001353905000000000000000000000000000000000000049152232425710000000000000000000000000000203-9216232-4257100000124050224
0750000002001353905000000000000000000000000000000000000029592967427550000000000000000000000000000203-7350967-4275500000124050224
0750000002001353905000000000000000000000000000000000000026662149938993100000000000000000000000000026-1128149-9389931000124050224
0750000002001353905000000000000000000000000000000000000019982300785154600000000000000000000000000202-1733300-7851546000124050224
0750000002001353905000000000000000000000000000000000000034172551516116600000000000000000000000000206-6127551-5161166000124050224
0750000002001353905000000000000000000000000000000000000037982897042596400000000000000000000000000204-2192897-0425964000124070224
0750000002001353905000000000000000000000000000000000000025822222874354600000000000000000000000000203-7958222-8743546000124070224
0750000002001353905000000000000000000000000000000000000039992357666110200000000000000000000000000206-8686357-6661102000124090224
0750000002001353905000000000000000000000000000000000000025982407372432100000000000000000000000000205-6469407-3724321000124090224
0750000002001353905000000000000000000000000000000000000026662333289316700000000000000000000000000206-8719333-2893167000124120224
0750000002001353905000000000000000000000000000000000000025982922534832500000000000000000000000000204-0598922-5348325000124120224
0750000002001353905000000000000000000000000000000000000018322417762191800000000000000000000000000203-9923417-7621918000124120224
0750000002001353905000000000000000000000000000000000000018292340281311400000000000000000000000000202-0492340-2813114000124120224
0750000002001353905000000000000000000000000000000000000019952340281311400000000000000000000000000202-0492340-2813114000124120224
0750000002001353905000000000000000000000000000000000000017452340281311400000000000000000000000000202-0492340-2813114000124120224
0750000002001353905000000000000000000000000000000000000017452340281311400000000000000000000000000202-0492340-2813114000124120224
0750000002001353905000000000000000000000000000000000000017452340281311400000000000000000000000000202-0492340-2813114000124120224
0750000002001353905000000000000000000000000000000000000056992077172516200000000000000000000000000204-8450077-1725162000124120224
07500000020013539050000000000000000000000000000000000002482010000000000000000000000000000000000000000000000000000000000124140224
0750000002001353905000000000000000000000000000000000000022082453719793000000000000000000000000000205-7408453-7197930000124140224
0750000002001353905000000000000000000000000000000000000026662523725955900000000000000000000000000206-1556523-7259559000124140224
0750000002001353905000000000000000000000000000000000000021992872559153700000000000000000000000000202-5835872-5591537000124140224
0750000002001353905000000000000000000000000000000000000087005335455156000000000000000000000000000206-8216335-4551560000124150224
0750000002001353905000000000000000000000000000000000000015832242604511900000000000000000000000000026-7385242-6045119000124160224
0750000002001353905000000000000000000000000000000000000018982739634192800000000000000000000000000204-6405739-6341928000124160224
0750000002001353905000000000000000000000000000000000000026662173151312800000000000000000000000000202-3155173-1513128000124160224
0750000002001353905000000000000000000000000000000000000020792052615394000000000000000000000000000204-9000052-6153940000124190224
0750000002001353905000000000000000000000000000000000000021642551953231800000000000000000000000000203-2503551-9532318000124190224
0750000002001353905000000000000000000000000000000000000019982208390514000000000000000000000000000026-8253208-3905140000124210224
0750000002001353905000000000000000000000000000000000000020822678347630200000000000000000000000000206-2028678-3476302000124210224
0750000002001353905000000000000000000000000000000000000026662111761074700000000000000000000000000204-8586111-7610747000124210224
0750000002001353905000000000000000000000000000000000000043982804791716000000000000000000000000000205-6653804-7917160000124210224
0750000002001353905000000000000000000000000000000000000014982326648595900000000000000000000000000202-4540326-6485959000124230224
0750000002001353905000000000000000000000000000000000000025985922534832500000000000000000000000000204-0598922-5348325000124230224
0750000002001353905000000000000000000000000000000000000022492867936194100000000000000000000000000204-8425867-9361941000124260224
0750000002001353905000000000000000000000000000000000000016642978566111900000000000000000000000000026-7826978-5661119000124260224
0750000002001353905000000000000000000000000000000000000019172744016511900000000000000000000000000205-1521744-0165119000124260224
07500000020013539050000000000000000000000000000000000002888210000000000000000000000000000000000000000000000000000000000124280224
0750000002001353905000000000000000000000000000000000000055822382287870800000000000000000000000000205-7867382-2878708000124280224
0750000002001353905000000000000000000000000000000000000028982530402755000000000000000000000000000204-7990530-4027550000124280224
0750000002001353905000000000000000000000000000000000000043322461650113600000000000000000000000000204-4786461-6501136000124280224
0750000002001353905000000000000000000000000000000000000017502138236995900000000000000000000000000206-1344138-2369959000124280224