0740000002001353907Czech Goods s.r.o.  01111900000013280900+00000016514842+000000461730770000000494070190011300424FIO           
07500000020013539020000000000000000000000000000000000007206310000000000000000000000000000000000000000000000000000000000124061120
0750000002001353902000000000000000000000000000000000001577872514164104100000000000000000000000000702-5224514-1641041000124151120
0750000002001353902000000000000000000000000000000000002077052965988102600000000000000000000000000702-3444965-9881026000124151120
07500000020013539020000000000000000000000000000000000000352510000000000000000000000000000000000000000000000000000000000124201120
0750000002001353902000000000000000000000000000000000002077052704294262500000000000000000000000000702-1622704-2942625000124241120
0750000002001353902000000000000000000000000000000000002077052827234343700000000000000000000000000701-7796827-2343437000124241120
0750000002001353902000000000000000000000000000000000001178982984649067200000000000000000000000000701-0090984-6490672000124261120