0740000002001353907Czech Goods s.r.o.  01111900000013280900+00000016514842+000000461730770000000494070190011300424FIO           
0750000002001353910000000000000000000000000000000000000022002403559156900000000000000000000000000402-8578403-5591569000124041120
0750000002001353910000000000000000000000000000000000000009992284644191100000000000000000000000000402-3976284-6441911000124041120
0750000002001353910000000000000000000000000000000000000057482351094751100000000000000000000000000404-1808351-0947511000124061120
0750000002001353910000000000000000000000000000000000000014982119807313500000000000000000000000000405-7455119-8073135000124201120
0750000002001353910000000000000000000000000000000000000014982122579472400000000000000000000000000405-6559122-5794724000124251120
0750000002001353910000000000000000000000000000000000000023982031761390400000000000000000000000000407-8817031-7613904000124301120