0740000002001353907Czech Goods s.r.o.  01111900000013280900+00000016514842+000000461730770000000494070190011300424FIO           
0750000002001353906000000000000000000000000000000000000024992689358832400000000000000000000000000306-6333689-3588324000124021120
0750000002001353906000000000000000000000000000000000000032562103390750200000000000000000000000000028-6611103-3907502000124021120
0750000002001353906000000000000000000000000000000000000014202408479954400000000000000000000000000304-5495408-4799544000124021120
0750000002001353906000000000000000000000000000000000000017482544459632100000000000000000000000000028-0546544-4596321000124021120
0750000002001353906000000000000000000000000000000000000015142070440516200000000000000000000000000304-9293070-4405162000124021120
0750000002001353906000000000000000000000000000000000000035882780763236300000000000000000000000000303-8965780-7632363000124021120
0750000002001353906000000000000000000000000000000000000013992098443793600000000000000000000000000302-3482098-4437936000124021120
0750000002001353906000000000000000000000000000000000000029562389851077600000000000000000000000000304-0185389-8510776000124021120
0750000002001353906000000000000000000000000000000000000028902389851077600000000000000000000000000304-0185389-8510776000124021120
0750000002001353906000000000000000000000000000000000000009452893261710500000000000000000000000000303-0530893-2617105000124021120
0750000002001353906000000000000000000000000000000000000037202830526590400000000000000000000000000028-2829830-5265904000124021120
0750000002001353906000000000000000000000000000000000000029902199992273000000000000000000000000000304-5348199-9922730000124021120
0750000002001353906000000000000000000000000000000000000034602005604671400000000000000000000000000028-2213005-6046714000124021120
0750000002001353906000000000000000000000000000000000000015142081492675900000000000000000000000000304-3708081-4926759000124021120
0750000002001353906000000000000000000000000000000000000006902500346753600000000000000000000000000303-7992500-3467536000124041120
0750000002001353906000000000000000000000000000000000000006902520713713800000000000000000000000000302-4384520-7137138000124041120
0750000002001353906000000000000000000000000000000000000035992140946913300000000000000000000000000305-0902140-9469133000124041120
0750000002001353906000000000000000000000000000000000000006902043382033000000000000000000000000000028-1040043-3820330000124061120
0750000002001353906000000000000000000000000000000000000033002434921230600000000000000000000000000304-5436434-9212306000124061120
0750000002001353906000000000000000000000000000000000000015992192328591800000000000000000000000000302-5257192-3285918000124061120
0750000002001353906000000000000000000000000000000000000017992110482831000000000000000000000000000305-8822110-4828310000124061120
0750000002001353906000000000000000000000000000000000000026992325226674800000000000000000000000000306-5724325-2266748000124061120
0750000002001353906000000000000000000000000000000000000012992726728114800000000000000000000000000304-0752726-7281148000124061120
0750000002001353906000000000000000000000000000000000000021002405294356100000000000000000000000000028-7169405-2943561000124061120
0750000002001353906000000000000000000000000000000000000015992774793474900000000000000000000000000304-5175774-7934749000124061120
0750000002001353906000000000000000000000000000000000000016482355339955200000000000000000000000000303-0156355-3399552000124061120
0750000002001353906000000000000000000000000000000000000016992924496670100000000000000000000000000306-1137924-4966701000124061120
0750000002001353906000000000000000000000000000000000000034982478445715400000000000000000000000000302-5596478-4457154000124061120
0750000002001353906000000000000000000000000000000000000011992245635874600000000000000000000000000305-8620245-6358746000124091120
0750000002001353906000000000000000000000000000000000000029322169089315500000000000000000000000000302-2912169-0893155000124091120
0750000002001353906000000000000000000000000000000000000025992280078354100000000000000000000000000028-8301280-0783541000124091120
0750000002001353906000000000000000000000000000000000000028992311081871100000000000000000000000000305-3202311-0818711000124091120
0750000002001353906000000000000000000000000000000000000023992539640753600000000000000000000000000302-8172539-6407536000124091120
0750000002001353906000000000000000000000000000000000000015992050806830500000000000000000000000000305-8722050-8068305000124091120
0750000002001353906000000000000000000000000000000000000029032288473951400000000000000000000000000305-1929288-4739514000124091120
0750000002001353906000000000000000000000000000000000000015992709109231100000000000000000000000000028-1928709-1092311000124091120
0750000002001353906000000000000000000000000000000000000027992860532996100000000000000000000000000028-4171860-5329961000124091120
07500000020013539060000000000000000000000000000000000007298410000000000000000000000000000000000000000000000000000000000124101120
0750000002001353906000000000000000000000000000000000000022802445350833900000000000000000000000000302-1934445-3508339000124111120
0750000002001353906000000000000000000000000000000000000031422232400750200000000000000000000000000303-3978232-4007502000124111120
0750000002001353906000000000000000000000000000000000000027992977118274800000000000000000000000000305-2190977-1182748000124111120
0750000002001353906000000000000000000000000000000000000035992142563951900000000000000000000000000028-3354142-5639519000124111120
0750000002001353906000000000000000000000000000000000000034002431779632300000000000000000000000000303-7083431-7796323000124111120
0750000002001353906000000000000000000000000000000000000034982544838751400000000000000000000000000305-7788544-8387514000124131120
0750000002001353906000000000000000000000000000000000000011542086435635000000000000000000000000000028-8682086-4356350000124131120
0750000002001353906000000000000000000000000000000000000026682103070034900000000000000000000000000028-3278103-0700349000124131120
0750000002001353906000000000000000000000000000000000000014202675373874300000000000000000000000000028-4763675-3738743000124131120
0750000002001353906000000000000000000000000000000000000022402927854751300000000000000000000000000303-9483927-8547513000124131120
0750000002001353906000000000000000000000000000000000000006902649030431500000000000000000000000000305-0605649-0304315000124131120
0750000002001353906000000000000000000000000000000000000028982192157872500000000000000000000000000306-1251192-1578725000124131120
0750000002001353906000000000000000000000000000000000000033002279299072100000000000000000000000000304-5892279-2990721000124131120
0750000002001353906000000000000000000000000000000000000006902600021393500000000000000000000000000028-3468600-0213935000124131120
0750000002001353906000000000000000000000000000000000000024382859081075900000000000000000000000000302-2080859-0810759000124131120
0750000002001353906000000000000000000000000000000000000020992630595231200000000000000000000000000305-5415630-5952312000124161120
0750000002001353906000000000000000000000000000000000000015992336129635200000000000000000000000000306-3713336-1296352000124161120
0750000002001353906000000000000000000000000000000000000019992118239875600000000000000000000000000303-7156118-2398756000124161120
0750000002001353906000000000000000000000000000000000000045002042661955900000000000000000000000000304-5320042-6619559000124161120
0750000002001353906000000000000000000000000000000000000019992372399952100000000000000000000000000304-7535372-3999521000124161120
0750000002001353906000000000000000000000000000000000000025992679402271300000000000000000000000000305-4200679-4022713000124161120
0750000002001353906000000000000000000000000000000000000020992809052593300000000000000000000000000302-7556809-0525933000124161120
0750000002001353906000000000000000000000000000000000000022232105998991600000000000000000000000000028-1724105-9989916000124161120
0750000002001353906000000000000000000000000000000000000013992478869474300000000000000000000000000305-1167478-8694743000124161120
0750000002001353906000000000000000000000000000000000000017992735584592200000000000000000000000000304-2729735-5845922000124161120
0750000002001353906000000000000000000000000000000000000020992553701075600000000000000000000000000305-5874553-7010756000124161120
0750000002001353906000000000000000000000000000000000000020992952646991900000000000000000000000000303-8399952-6469919000124161120
0750000002001353906000000000000000000000000000000000000011992856886994300000000000000000000000000306-9881856-8869943000124161120
0750000002001353906000000000000000000000000000000000000019232856886994300000000000000000000000000306-9881856-8869943000124161120
0750000002001353906000000000000000000000000000000000000019232856886994300000000000000000000000000306-9881856-8869943000124161120
0750000002001353906000000000000000000000000000000000000009942856886994300000000000000000000000000306-9881856-8869943000124161120
0750000002001353906000000000000000000000000000000000000006542856886994300000000000000000000000000306-9881856-8869943000124161120
0750000002001353906000000000000000000000000000000000000015992916569956600000000000000000000000000303-8206916-5699566000124161120
0750000002001353906000000000000000000000000000000000000040472832166911100000000000000000000000000306-8742832-1669111000124161120
0750000002001353906000000000000000000000000000000000000009802053256990200000000000000000000000000028-4066053-2569902000124161120
0750000002001353906000000000000000000000000000000000000029982131595395900000000000000000000000000304-1419131-5953959000124161120
0750000002001353906000000000000000000000000000000000000020932290222351700000000000000000000000000305-1678290-2223517000124171120
0750000002001353906000000000000000000000000000000000000019992090479315500000000000000000000000000306-6336090-4793155000124181120
0750000002001353906000000000000000000000000000000000000057972292836916900000000000000000000000000304-5334292-8369169000124181120
0750000002001353906000000000000000000000000000000000000020982068565715800000000000000000000000000306-8931068-5657158000124181120
0750000002001353906000000000000000000000000000000000000014992547854191900000000000000000000000000306-1361547-8541919000124181120
0750000002001353906000000000000000000000000000000000000045992296225953800000000000000000000000000028-4624296-2259538000124181120
0750000002001353906000000000000000000000000000000000000034982492583312000000000000000000000000000306-2763492-5833120000124181120
0750000002001353906000000000000000000000000000000000000021762377948036600000000000000000000000000304-0617377-9480366000124181120
0750000002001353906000000000000000000000000000000000000015992283854116100000000000000000000000000304-2766283-8541161000124181120
0750000002001353906000000000000000000000000000000000000016492734516193100000000000000000000000000305-7970734-5161931000124181120
0750000002001353906000000000000000000000000000000000000011992427466116800000000000000000000000000305-5893427-4661168000124181120
0750000002001353906000000000000000000000000000000000000006902820816116300000000000000000000000000306-6640820-8161163000124181120
0750000002001353906000000000000000000000000000000000000032592952399075200000000000000000000000000302-8488952-3990752000124181120
0750000002001353906000000000000000000000000000000000000027992379666995200000000000000000000000000306-4196379-6669952000124181120
0750000002001353906000000000000000000000000000000000000008002925713155800000000000000000000000000303-2951925-7131558000124181120
0750000002001353906000000000000000000000000000000000000037992019062353400000000000000000000000000306-8119019-0623534000124181120
0750000002001353906000000000000000000000000000000000000034742443213872900000000000000000000000000302-0253443-2138729000124181120
0750000002001353906000000000000000000000000000000000000091062496449390700000000000000000000000000302-6048496-4493907000124181120
0750000002001353906000000000000000000000000000000000000022102218204517600000000000000000000000000303-0186218-2045176000124201120
0750000002001353906000000000000000000000000000000000000017482039736276800000000000000000000000000306-9336039-7362768000124201120
0750000002001353906000000000000000000000000000000000000034982645756355000000000000000000000000000302-5151645-7563550000124201120
0750000002001353906000000000000000000000000000000000000021802423941070100000000000000000000000000305-0913423-9410701000124201120
0750000002001353906000000000000000000000000000000000000020992728723714000000000000000000000000000303-4576728-7237140000124201120
0750000002001353906000000000000000000000000000000000000018932978638031500000000000000000000000000303-2794978-6380315000124201120
0750000002001353906000000000000000000000000000000000000023992978638031500000000000000000000000000303-2794978-6380315000124201120
0750000002001353906000000000000000000000000000000000000013052183784750600000000000000000000000000304-8389183-7847506000124201120
0750000002001353906000000000000000000000000000000000000013052436598913700000000000000000000000000306-0492436-5989137000124201120
0750000002001353906000000000000000000000000000000000000022992044288592400000000000000000000000000306-9321044-2885924000124201120
0750000002001353906000000000000000000000000000000000000010992044288592400000000000000000000000000306-9321044-2885924000124201120
0750000002001353906000000000000000000000000000000000000013052564657791700000000000000000000000000305-4969564-6577917000124201120
0750000002001353906000000000000000000000000000000000000035992017934515500000000000000000000000000302-9580017-9345155000124201120
0750000002001353906000000000000000000000000000000000000010542305772193800000000000000000000000000305-0085305-7721938000124201120
0750000002001353906000000000000000000000000000000000000006902467595715800000000000000000000000000302-6877467-5957158000124201120
0750000002001353906000000000000000000000000000000000000006902674310114500000000000000000000000000303-5321674-3101145000124231120
0750000002001353906000000000000000000000000000000000000013052323099393200000000000000000000000000306-3743323-0993932000124231120
0750000002001353906000000000000000000000000000000000000023392864833470200000000000000000000000000304-9851864-8334702000124231120
0750000002001353906000000000000000000000000000000000000025992980772435100000000000000000000000000304-1294980-7724351000124231120
0750000002001353906000000000000000000000000000000000000013052670895476100000000000000000000000000304-6537670-8954761000124231120
0750000002001353906000000000000000000000000000000000000015602895273315400000000000000000000000000302-9323895-2733154000124231120
0750000002001353906000000000000000000000000000000000000009802555368353800000000000000000000000000304-2962555-3683538000124231120
0750000002001353906000000000000000000000000000000000000013052887465633200000000000000000000000000306-0427887-4656332000124231120
0750000002001353906000000000000000000000000000000000000013052536816036400000000000000000000000000305-7575536-8160364000124231120
0750000002001353906000000000000000000000000000000000000025992482274995800000000000000000000000000302-9890482-2749958000124231120
0750000002001353906000000000000000000000000000000000000036002102137635200000000000000000000000000028-3347102-1376352000124231120
0750000002001353906000000000000000000000000000000000000020992145925074700000000000000000000000000305-1719145-9250747000124231120
0750000002001353906000000000000000000000000000000000000015992877775796100000000000000000000000000304-7143877-7757961000124231120
0750000002001353906000000000000000000000000000000000000027002896031714800000000000000000000000000305-6222896-0317148000124231120
0750000002001353906000000000000000000000000000000000000076992501259475100000000000000000000000000303-2655501-2594751000124231120
0750000002001353906000000000000000000000000000000000000006902503200992400000000000000000000000000306-6495503-2009924000124231120
0750000002001353906000000000000000000000000000000000000013052017207716300000000000000000000000000304-7432017-2077163000124231120
0750000002001353906000000000000000000000000000000000000013052158099874800000000000000000000000000028-3400158-0998748000124231120
0750000002001353906000000000000000000000000000000000000012992894227236300000000000000000000000000303-2979894-2272363000124231120
0750000002001353906000000000000000000000000000000000000023992894227236300000000000000000000000000303-2979894-2272363000124231120
0750000002001353906000000000000000000000000000000000000013052960952352500000000000000000000000000305-3789960-9523525000124231120
0750000002001353906000000000000000000000000000000000000034982894239713700000000000000000000000000304-6849894-2397137000124231120
0750000002001353906000000000000000000000000000000000000018992455239874100000000000000000000000000028-3868455-2398741000124231120
0750000002001353906000000000000000000000000000000000000008302279152914100000000000000000000000000305-9800279-1529141000124231120
0750000002001353906000000000000000000000000000000000000064902893618994500000000000000000000000000302-4624893-6189945000124231120
0750000002001353906000000000000000000000000000000000000009802122104431500000000000000000000000000302-5780122-1044315000124231120
0750000002001353906000000000000000000000000000000000000045002492399550100000000000000000000000000305-6191492-3995501000124231120
0750000002001353906000000000000000000000000000000000000031242196889154800000000000000000000000000305-0176196-8891548000124231120
0750000002001353906000000000000000000000000000000000000013052614345873500000000000000000000000000303-4575614-3458735000124231120
0750000002001353906000000000000000000000000000000000000013052445404272300000000000000000000000000306-6866445-4042723000124231120
07500000020013539060000000000000000000000000000000000018910510000000000000000000000000000000000000000000000000000000000124241120
0750000002001353906000000000000000000000000000000000000006902631502993200000000000000000000000000302-5736631-5029932000124251120
0750000002001353906000000000000000000000000000000000000037972347604995000000000000000000000000000306-6357347-6049950000124251120
0750000002001353906000000000000000000000000000000000000019712240551395500000000000000000000000000028-5629240-5513955000124251120
0750000002001353906000000000000000000000000000000000000014052221869710200000000000000000000000000028-9432221-8697102000124251120
0750000002001353906000000000000000000000000000000000000011752185715473700000000000000000000000000303-4543185-7154737000124251120
0750000002001353906000000000000000000000000000000000000021312185715473700000000000000000000000000303-4543185-7154737000124251120
0750000002001353906000000000000000000000000000000000000014052097139314100000000000000000000000000306-0055097-1393141000124251120
0750000002001353906000000000000000000000000000000000000024992625824435100000000000000000000000000305-5833625-8244351000124251120
0750000002001353906000000000000000000000000000000000000013052128389152100000000000000000000000000302-0572128-3891521000124251120
0750000002001353906000000000000000000000000000000000000013052584573713800000000000000000000000000303-0900584-5737138000124251120
0750000002001353906000000000000000000000000000000000000014052778058676600000000000000000000000000028-7818778-0586766000124251120
0750000002001353906000000000000000000000000000000000000014052881239795800000000000000000000000000304-8362881-2397958000124251120
0750000002001353906000000000000000000000000000000000000009802725523795600000000000000000000000000028-0729725-5237956000124251120
0750000002001353906000000000000000000000000000000000000027932919857711500000000000000000000000000306-1404919-8577115000124251120
0750000002001353906000000000000000000000000000000000000013052760737156600000000000000000000000000028-5934760-7371566000124251120
0750000002001353906000000000000000000000000000000000000014052361986350600000000000000000000000000303-9133361-9863506000124251120
0750000002001353906000000000000000000000000000000000000013052053563550500000000000000000000000000302-0330053-5635505000124251120
0750000002001353906000000000000000000000000000000000000014052087221311700000000000000000000000000028-3291087-2213117000124251120
0750000002001353906000000000000000000000000000000000000014052021111953100000000000000000000000000305-3769021-1119531000124251120
0750000002001353906000000000000000000000000000000000000014052452461471000000000000000000000000000304-6515452-4614710000124251120
0750000002001353906000000000000000000000000000000000000014052241983791600000000000000000000000000305-2600241-9837916000124271120
0750000002001353906000000000000000000000000000000000000014052039591151900000000000000000000000000305-6168039-5911519000124271120
0750000002001353906000000000000000000000000000000000000014052652175634900000000000000000000000000028-0671652-1756349000124271120
0750000002001353906000000000000000000000000000000000000014052517504514600000000000000000000000000302-1278517-5045146000124271120
0750000002001353906000000000000000000000000000000000000019992102034111100000000000000000000000000306-3901102-0341111000124271120
0750000002001353906000000000000000000000000000000000000024992891066275700000000000000000000000000305-5923891-0662757000124271120
0750000002001353906000000000000000000000000000000000000014052821668914900000000000000000000000000028-4143821-6689149000124271120
0750000002001353906000000000000000000000000000000000000013052424094357100000000000000000000000000306-0282424-0943571000124271120
0750000002001353906000000000000000000000000000000000000022652555366675500000000000000000000000000302-3732555-3666755000124271120
0750000002001353906000000000000000000000000000000000000014052986822676600000000000000000000000000303-0736986-8226766000124271120
0750000002001353906000000000000000000000000000000000000034982246530992000000000000000000000000000302-6134246-5309920000124271120
0750000002001353906000000000000000000000000000000000000015992764775470400000000000000000000000000303-2903764-7754704000124271120
0750000002001353906000000000000000000000000000000000000025682783165555600000000000000000000000000302-9664783-1655556000124271120
0750000002001353906000000000000000000000000000000000000008002699844833600000000000000000000000000303-7185699-8448336000124271120
0750000002001353906000000000000000000000000000000000000029992667867631600000000000000000000000000302-7023667-8676316000124271120
0750000002001353906000000000000000000000000000000000000010892517641713800000000000000000000000000303-5610517-6417138000124271120
0750000002001353906000000000000000000000000000000000000014052461195794300000000000000000000000000303-9614461-1957943000124271120
0750000002001353906000000000000000000000000000000000000015992682822751300000000000000000000000000302-0416682-8227513000124271120
0750000002001353906000000000000000000000000000000000000019992155761632200000000000000000000000000302-5467155-7616322000124271120
0750000002001353906000000000000000000000000000000000000014052916770671400000000000000000000000000028-4915916-7706714000124271120
0750000002001353906000000000000000000000000000000000000013052646271152600000000000000000000000000304-8560646-2711526000124301120
0750000002001353906000000000000000000000000000000000000019992138734031500000000000000000000000000303-5742138-7340315000124301120
0750000002001353906000000000000000000000000000000000000020992930127874000000000000000000000000000302-8022930-1278740000124301120
0750000002001353906000000000000000000000000000000000000014052320467552600000000000000000000000000028-5072320-4675526000124301120
0750000002001353906000000000000000000000000000000000000013052761407154400000000000000000000000000028-4811761-4071544000124301120
0750000002001353906000000000000000000000000000000000000030082744101556800000000000000000000000000304-7834744-1015568000124301120
0750000002001353906000000000000000000000000000000000000055992737594675700000000000000000000000000303-2159737-5946757000124301120
0750000002001353906000000000000000000000000000000000000034982775997150300000000000000000000000000303-2879775-9971503000124301120
0750000002001353906000000000000000000000000000000000000035992814931235700000000000000000000000000306-6441814-9312357000124301120
0750000002001353906000000000000000000000000000000000000064962366034591500000000000000000000000000304-0036366-0345915000124301120
0750000002001353906000000000000000000000000000000000000012992831490031100000000000000000000000000303-7920831-4900311000124301120
0750000002001353906000000000000000000000000000000000000046992229491872500000000000000000000000000306-7917229-4918725000124301120
0750000002001353906000000000000000000000000000000000000010692939708354300000000000000000000000000303-2547939-7083543000124301120
0750000002001353906000000000000000000000000000000000000024992727324915100000000000000000000000000304-5550727-3249151000124301120
0750000002001353906000000000000000000000000000000000000045802550114591700000000000000000000000000303-8421550-1145917000124301120
0750000002001353906000000000000000000000000000000000000023682259852911400000000000000000000000000302-4323259-8529114000124301120
0750000002001353906000000000000000000000000000000000000004902259852911400000000000000000000000000302-4323259-8529114000124301120
0750000002001353906000000000000000000000000000000000000013052759411953500000000000000000000000000306-2244759-4119535000124301120
0750000002001353906000000000000000000000000000000000000013052176185390100000000000000000000000000305-0528176-1853901000124301120
0750000002001353906000000000000000000000000000000000000034982035372432700000000000000000000000000303-8534035-3724327000124301120
0750000002001353906000000000000000000000000000000000000011002411809313200000000000000000000000000303-0531411-8093132000124301120
0750000002001353906000000000000000000000000000000000000034982239675554100000000000000000000000000306-5110239-6755541000124301120
0750000002001353906000000000000000000000000000000000000013052040566913500000000000000000000000000028-8766040-5669135000124301120
0750000002001353906000000000000000000000000000000000000006902713312350800000000000000000000000000306-0377713-3123508000124301120
0750000002001353906000000000000000000000000000000000000015052836720513000000000000000000000000000303-7846836-7205130000124301120
0750000002001353906000000000000000000000000000000000000020992881305076600000000000000000000000000303-8159881-3050766000124301120
0750000002001353906000000000000000000000000000000000000025482283966030200000000000000000000000000028-6457283-9660302000124301120
0750000002001353906000000000000000000000000000000000000056262686454996600000000000000000000000000028-2356686-4549966000124301120
0750000002001353906000000000000000000000000000000000000009612149326513400000000000000000000000000028-5794149-3265134000124301120
0750000002001353906000000000000000000000000000000000000010662149326513400000000000000000000000000028-5794149-3265134000124301120
0750000002001353906000000000000000000000000000000000000008282149326513400000000000000000000000000028-5794149-3265134000124301120
0750000002001353906000000000000000000000000000000000000013992851093156800000000000000000000000000306-0616851-0931568000124301120
0750000002001353906000000000000000000000000000000000000014052770677313600000000000000000000000000305-9913770-6773136000124301120
0750000002001353906000000000000000000000000000000000000055272628798830500000000000000000000000000302-8947628-7988305000124301120
0750000002001353906000000000000000000000000000000000000013052607653710300000000000000000000000000305-3224607-6537103000124301120
0750000002001353906000000000000000000000000000000000000021922733894353900000000000000000000000000028-7509733-8943539000124301120
0750000002001353906000000000000000000000000000000000000017492043002833400000000000000000000000000304-2821043-0028334000124301120