0740000002001353907Czech Goods s.r.o.  01111900000013280900+00000016514842+000000461730770000000494070190011300424FIO           
0750000002001353909000000000000000000000000000000000000014802209389392400000000000000000000000000402-2801209-3893924000124021120
0750000002001353909000000000000000000000000000000000000029232376666033300000000000000000000000000402-8930376-6660333000124021120
0750000002001353909000000000000000000000000000000000000029592863899954100000000000000000000000000408-9928863-8999541000124021120
0750000002001353909000000000000000000000000000000000000024592841765551700000000000000000000000000171-3717841-7655517000124061120
0750000002001353909000000000000000000000000000000000000019152592279556400000000000000000000000000406-9711592-2795564000124061120
0750000002001353909000000000000000000000000000000000000058602040980916200000000000000000000000000408-2238040-9809162000124061120
0750000002001353909000000000000000000000000000000000000017632582362676800000000000000000000000000403-9427582-3626768000124061120
0750000002001353909000000000000000000000000000000000000011902395364435800000000000000000000000000402-0325395-3644358000124091120
0750000002001353909000000000000000000000000000000000000058602178398753800000000000000000000000000402-8236178-3987538000124091120
07500000020013539090000000000000000000000000000000000003018510000000000000000000000000000000000000000000000000000000000124101120
0750000002001353909000000000000000000000000000000000000030592344303635000000000000000000000000000402-9836344-3036350000124111120
0750000002001353909000000000000000000000000000000000000031592980766995900000000000000000000000000407-5328980-7669959000124111120
0750000002001353909000000000000000000000000000000000000069352237879474300000000000000000000000000406-3380237-8794743000124131120
0750000002001353909000000000000000000000000000000000000031592544507712500000000000000000000000000404-1632544-5077125000124161120
0750000002001353909000000000000000000000000000000000000021002706433231200000000000000000000000000402-2889706-4332312000124181120
0750000002001353909000000000000000000000000000000000000015592580346434800000000000000000000000000402-5469580-3464348000124231120
07500000020013539090000000000000000000000000000000000001688610000000000000000000000000000000000000000000000000000000000124241120
0750000002001353909000000000000000000000000000000000000068602670013716900000000000000000000000000171-2327670-0137169000124251120
0750000002001353909000000000000000000000000000000000000048202206501550200000000000000000000000000171-4764206-5015502000124271120
0750000002001353909000000000000000000000000000000000000017632665538357900000000000000000000000000171-0115665-5383579000124271120
0750000002001353909000000000000000000000000000000000000037992763269070600000000000000000000000000403-5352763-2690706000124301120
0750000002001353909000000000000000000000000000000000000022192669432676800000000000000000000000000405-5678669-4326768000124301120
0750000002001353909000000000000000000000000000000000000050992478172436000000000000000000000000000408-1439478-1724360000124301120
0750000002001353909000000000000000000000000000000000000015992080542194500000000000000000000000000407-6577080-5421945000124301120
0750000002001353909000000000000000000000000000000000000029582194259236400000000000000000000000000402-3344194-2592364000124301120