0740000002001353907Czech Goods s.r.o.  01111900000013280900+00000016514842+000000461730770000000494070190011300424FIO           
07500000020013539210000000000000000000000000000000000001567625139471830000000000000000000000000007405139471830000000000124020224
07500000020013539210000000000000000000000000000000000001499123710872040000000000000000000000000002028371087204000000000124040224
07500000020013539210000000000000000000000000000000000000262520972830262000000000000000000000000007609728302620000000000124040224
07500000020013539210000000000000000000000000000000000000459722551712028000000000000000000000000000005125517120280000000124040224
07500000020013539210000000000000000000000000000000000000299922596901400000000000000000000000000008792596901400000000000124060224
07500000020013539210000000000000000000000000000000000001469427309933270000000000000000000000000002573099332700000000000124080224
07500000020013539210000000000000000000000000000000000000349924909206737000000000000000000000000002234909206737000000000124120224
07500000020013539210000000000000000000000000000000000000449921471843652000000000000000000000000008314718436520000000000124140224
07500000020013539210000000000000000000000000000000000000249923173241248000000000000000000000000003673173241248000000000124140224
07500000020013539210000000000000000000000000000000000001339523171275410000000000000000000000000009631712754100000000000124160224
07500000020013539210000000000000000000000000000000000001415521720451730000000000000000000000000007057917204517300000000124180224
07500000020013539210000000000000000000000000000000000001349625402068060000000000000000000000000006354020680600000000000124180224
07500000020013539210000000000000000000000000000000000000159929553661420000000000000000000000000006679553661420000000000124200224
07500000020013539210000000000000000000000000000000000000869722246933552000000000000000000000000003622469335520000000000124200224
07500000020013539210000000000000000000000000000000000000482027534939723000000000000000000000000006507534939723000000000124210224
07500000020013539210000000000000000000000000000000000000299929937876132000000000000000000000000008599378761320000000000124210224
07500000020013539210000000000000000000000000000000000000819922814763604000000000000000000000000001367692814763604000000124270224
07500000020013539210000000000000000000000000000000000001009629330693001000000000000000000000000006093306930010000000000124280224
07500000020013539210000000000000000000000000000000000000299923296136841000000000000000000000000007832961368410000000000124280224
07500000020013539210000000000000000000000000000000000000259921992095223000000000000000000000000000951992095223000000000124290224
07500000020013539210000000000000000000000000000000000000349026341798984000000000000000000000000001696341798984000000000124050224
07500000020013539210000000000000000000000000000000000000448028466027351000000000000000000000000002137846602735100000000124050224
07500000020013539210000000000000000000000000000000000000560027431915332000000000000000000000000009510874319153320000000124120224
07500000020013539210000000000000000000000000000000000000480025450610032000000000000000000000000000854506100320000000000124250224
07500000020013539210000000000000000000000000000000000000450024099308604000000000000000000000000001474409930860400000000124280224
07500000020013539210000000000000000000000000000000000497759823532556528000000000000000000000000003261353255652800000000124130224
07500000020013539210000000000000000000000000000000000415218221597092060000000000000000000000000009461597092060000000000124130224
07500000020013539210000000000000000000000000000000000000399020019402024000000000000000000000000002300019402024000000000124030224
07500000020013539210000000000000000000000000000000000000184528183143704000000000000000000000000009208183143704000000000124050224
07500000020013539210000000000000000000000000000000000000474026069139113000000000000000000000000002544606913911300000000124070224
07500000020013539210000000000000000000000000000000000000275528950169118000000000000000000000000001258950169118000000000124080224
07500000020013539210000000000000000000000000000000000000658521446773810000000000000000000000000008631144677381000000000124120224
07500000020013539210000000000000000000000000000000000000355522362696614000000000000000000000000005892362696614000000000124150224
07500000020013539210000000000000000000000000000000000000907529210563944000000000000000000000000002719210563944000000000124160224
07500000020013539210000000000000000000000000000000000000657528333984902000000000000000000000000004120833398490200000000124170224
07500000020013539210000000000000000000000000000000000000384527757401511000000000000000000000000002747757401511000000000124220224
07500000020013539210000000000000000000000000000000000000518525451086150000000000000000000000000005765754510861500000000124230224
07500000020013539210000000000000000000000000000000000000229020535011390000000000000000000000000009592053501139000000000124280224
07500000020013539210000000000000000000000000000000000000500024858855452000000000000000000000000001148588554520000000000124170224
07500000020013539210000000000000000000000000000000000004810020969446740000000000000000000000000001990969446740000000000124190224
07500000020013539210000000000000000000000000000000000008330029943855731000000000000000000000000002150994385573100000000124230224