0740000002001353907Czech Goods s.r.o.  01111900000013280900+00000016514842+000000461730770000000494070190011300424FIO           
075000000200135392100000000000000000000000000000000000014425242Y551701G000000000000000000000000006CP060942Y551701G00000124011020
07500000020013539210000000000000000000000000000000000000119424UJ3001204000000000000000000000000008AP69374UJ300120400000124011020
07500000020013539210000000000000000000000000000000000000839528VN8497449000000000000000000000000009RT47188VN849744900000124011020
07500000020013539210000000000000000000000000000000000000249823HJ517381C000000000000000000000000002Y211373HJ517381C00000124011020
07500000020013539210000000000000000000000000000000000000559927504385014000000000000000000000000007VT1356750438501400000124011020
07500000020013539210000000000000000000000000000000000000459920WX12197490000000000000000000000000079024140WX121974900000124011020
07500000020013539210000000000000000000000000000000000000169824A1688552K000000000000000000000000002NN29244A1688552K00000124011020
0750000002001353921000000000000000000000000000000000000036982755718351K000000000000000000000000009N72286755718351K00000124021020
07500000020013539210000000000000000000000000000000000000612225FF607034E000000000000000000000000008T503315FF607034E00000124031020
075000000200135392100000000000000000000000000000000000001298202C46474190000000000000000000000000084T074302C464741900000124031020
07500000020013539210000000000000000000000000000000000000229825NK95330220000000000000000000000000081545465NK953302200000124031020
07500000020013539210000000000000000000000000000000000000169824DD2731031000000000000000000000000006L605564DD273103100000124051020
07500000020013539210000000000000000000000000000000000000449822GC0089022000000000000000000000000003PW83902GC008902200000124061020
07500000020013539210000000000000000000000000000000000000399522SU609073A0000000000000000000000000037N43472SU609073A00000124061020
0750000002001353921000000000000000000000000000000000000026982333959202M000000000000000000000000009V13608333959202M00000124061020
07500000020013539210000000000000000000000000000000000000119822TT5814520000000000000000000000000004H220082TT581452000000124071020
075000000200135392100000000000000000000000000000000000002825290M235144R000000000000000000000000001CY846590M235144R00000124071020
07500000020013539210000000000000000000000000000000000000589722YG543352E0000000000000000000000000050422352YG543352E00000124081020
07500000020013539210000000000000000000000000000000000000319421TK592734R0000000000000000000000000077S52531TK592734R00000124081020
07500000020013539210000000000000000000000000000000000000149829AK965794U0000000000000000000000000066912449AK965794U00000124081020
07500000020013539210000000000000000000000000000000000000449422D70480125000000000000000000000000004BW62712D7048012500000124091020
07500000020013539210000000000000000000000000000000000000149422HP916203T0000000000000000000000000066K48502HP916203T00000124091020
075000000200135392100000000000000000000000000000000000014889285R910193R000000000000000000000000005YP101385R910193R00000124091020
075000000200135392100000000000000000000000000000000000001298294K233273A000000000000000000000000004LF224794K233273A00000124091020
07500000020013539210000000000000000000000000000000000000822524W1411463T000000000000000000000000000MB45834W1411463T00000124101020
075000000200135392100000000000000000000000000000000000002698223R7444142000000000000000000000000008SG722023R744414200000124101020
07500000020013539210000000000000000000000000000000000000749824XW8390227000000000000000000000000006WP82034XW839022700000124101020
0750000002001353921000000000000000000000000000000000000084942149410494W000000000000000000000000000KR7058149410494W00000124101020
07500000020013539210000000000000000000000000000000000000199422XH516461K000000000000000000000000002BD20212XH516461K00000124101020
07500000020013539210000000000000000000000000000000000000869826UH36698150000000000000000000000000056K20516UH366981500000124111020
07500000020013539210000000000000000000000000000000000000354727DW207394B000000000000000000000000009F308517DW207394B00000124111020
075000000200135392100000000000000000000000000000000000008698282U566753U000000000000000000000000001A3041582U566753U00000124111020
07500000020013539210000000000000000000000000000000000001299627LN0389033000000000000000000000000003MA72627LN038903300000124121020
07500000020013539210000000000000000000000000000000000000179829G3994664H0000000000000000000000000081J89919G3994664H00000124121020
07500000020013539210000000000000000000000000000000000000249427RH10139300000000000000000000000000045873677RH101393000000124121020
07500000020013539210000000000000000000000000000000000000269829R9825445C000000000000000000000000007UM76759R9825445C00000124131020
07500000020013539210000000000000000000000000000000000000439827Y0556035D000000000000000000000000003B829587Y0556035D00000124131020
07500000020013539210000000000000000000000000000000000000139823MN8928616000000000000000000000000002NF49223MN892861600000124141020
07500000020013539210000000000000000000000000000000000000159920X47242239000000000000000000000000009BE54030X4724223900000124141020
07500000020013539210000000000000000000000000000000000000149827UA512954H0000000000000000000000000083K36707UA512954H00000124141020
07500000020013539210000000000000000000000000000000000000299421UF385230F000000000000000000000000002J110681UF385230F00000124141020
07500000020013539210000000000000000000000000000000000000209824KL998432F000000000000000000000000008J930784KL998432F00000124151020
07500000020013539210000000000000000000000000000000000000583826V41518125000000000000000000000000008R874306V4151812500000124151020
075000000200135392100000000000000000000000000000000000001598279U367520S000000000000000000000000001DN568579U367520S00000124151020
0750000002001353921000000000000000000000000000000000000011982185080614D000000000000000000000000006AS0831185080614D00000124151020
075000000200135392100000000000000000000000000000000000001994227L667673R000000000000000000000000003M8098627L667673R00000124161020
07500000020013539210000000000000000000000000000000000000439821HE928425K000000000000000000000000008L043871HE928425K00000124171020
07500000020013539210000000000000000000000000000000000000388823CY6803207000000000000000000000000000AC53123CY680320700000124171020
0750000002001353921000000000000000000000000000000000000031982703688980W000000000000000000000000007SA5008703688980W00000124171020
07500000020013539210000000000000000000000000000000000000599825CV156153F000000000000000000000000002W937165CV156153F00000124171020
07500000020013539210000000000000000000000000000000000000319426E65407840000000000000000000000000007JK65746E6540784000000124201020
07500000020013539210000000000000000000000000000000000000249821TN8071153000000000000000000000000009E606631TN807115300000124201020
075000000200135392100000000000000000000000000000000000001198212332081290000000000000000000000000078G0043123320812900000124201020
07500000020013539210000000000000000000000000000000000000119826AP327382X000000000000000000000000001KL66416AP327382X00000124201020
075000000200135392100000000000000000000000000000000000001194241P4190247000000000000000000000000000FG059041P419024700000124201020
07500000020013539210000000000000000000000000000000000000119821NS656594Y000000000000000000000000003LN61591NS656594Y00000124201020
07500000020013539210000000000000000000000000000000000000498623F65871243000000000000000000000000001PX34283F6587124300000124201020
07500000020013539210000000000000000000000000000000000000639625SJ64388120000000000000000000000000034G07905SJ643881200000124201020
07500000020013539210000000000000000000000000000000000000199828WU784374F0000000000000000000000000093P69468WU784374F00000124201020
07500000020013539210000000000000000000000000000000000000159829GN75445470000000000000000000000000045U86179GN754454700000124211020
07500000020013539210000000000000000000000000000000000000319825CK126662Y000000000000000000000000003L781225CK126662Y00000124211020
075000000200135392100000000000000000000000000000000000001198559F7949000000000000000000000000000000VJ260959F794900000000124211020
075000000200135392100000000000000000000000000000000000001194509E015160N000000000000000000000000006J3466509E015160N00000124211020
07500000020013539210000000000000000000000000000000000000498650NA496815N000000000000000000000000009N520550NA496815N00000124211020
07500000020013539210000000000000000000000000000000000000169827S6138574Y000000000000000000000000000HP29347S6138574Y00000124211020
07500000020013539210000000000000000000000000000000000000199828FU514750V0000000000000000000000000043M64148FU514750V00000124221020
07500000020013539210000000000000000000000000000000000000029956P770867330000000000000000000000000085761656P7708673300000124231020
0750000002001353921000000000000000000000000000000000000044972774501892A000000000000000000000000003DY2838774501892A00000124241020
07500000020013539210000000000000000000000000000000000000469829CA050844Y000000000000000000000000009BV30159CA050844Y00000124241020
07500000020013539210000000000000000000000000000000000000169825D0311970H000000000000000000000000005BR79205D0311970H00000124241020
07500000020013539210000000000000000000000000000000000000829627AL480913T000000000000000000000000002NN14347AL480913T00000124251020
07500000020013539210000000000000000000000000000000000000219927YG706092H000000000000000000000000003JW98407YG706092H00000124251020
07500000020013539210000000000000000000000000000000000000199425LW336935E000000000000000000000000008TX77515LW336935E00000124251020
07500000020013539210000000000000000000000000000000000000389720J62129722000000000000000000000000000HM48880J6212972200000124251020
07500000020013539210000000000000000000000000000000000000269827XT105182X000000000000000000000000003M241697XT105182X00000124261020
07500000020013539210000000000000000000000000000000000000199420NF250473D000000000000000000000000004J820530NF250473D00000124261020
07500000020013539210000000000000000000000000000000000000239821V54463510000000000000000000000000001RX84871V5446351000000124261020
075000000200135392100000000000000000000000000000000000001598211N0993722000000000000000000000000000S9148711N099372200000124261020
07500000020013539210000000000000000000000000000000000000119424PE840762K000000000000000000000000007BN83854PE840762K00000124261020
07500000020013539210000000000000000000000000000000000000239828AN578801M000000000000000000000000009WC25248AN578801M00000124271020
075000000200135392100000000000000000000000000000000000001394233J229372S000000000000000000000000003BF616933J229372S00000124271020
07500000020013539210000000000000000000000000000000000001069628BN801441K000000000000000000000000001L629368BN801441K00000124271020
075000000200135392100000000000000000000000000000000000001198277L302043Y000000000000000000000000006CS017077L302043Y00000124271020
075000000200135392100000000000000000000000000000000000009599248A3025838000000000000000000000000006LU355448A302583800000124281020
0750000002001353921000000000000000000000000000000000000013982447645583L000000000000000000000000005N56377447645583L00000124281020
075000000200135392100000000000000000000000000000000000001394289P037201S000000000000000000000000003PH188589P037201S00000124281020
07500000020013539210000000000000000000000000000000000000119823XU1110155000000000000000000000000001EB97053XU111015500000124281020
07500000020013539210000000000000000000000000000000000000974424UN26545090000000000000000000000000000K64824UN265450900000124291020
07500000020013539210000000000000000000000000000000000000260721YP116343G000000000000000000000000004DY07971YP116343G00000124291020
0750000002001353921000000000000000000000000000000000000024982212750654C000000000000000000000000001L98986212750654C00000124291020
075000000200135392100000000000000000000000000000000000001398214F839961V000000000000000000000000008KL681914F839961V00000124291020
07500000020013539210000000000000000000000000000000000000199425PN7725504000000000000000000000000009CU32565PN772550400000124291020
075000000200135392100000000000000000000000000000000000003596254Y540044L000000000000000000000000008X3804854Y540044L00000124301020
075000000200135392100000000000000000000000000000000000001594294J935192X000000000000000000000000001EN189794J935192X00000124301020
07500000020013539210000000000000000000000000000000000000179820R7939084S000000000000000000000000001B462750R7939084S00000124311020
07500000020013539210000000000000000000000000000000000000798723P08362422000000000000000000000000005KB62533P0836242200000124311020
075000000200135392100000000000000000000000000000000000001494287L111862W000000000000000000000000008KD755987L111862W00000124311020
07500000020013539210000000000000000000000000000000000000199322PU6874029000000000000000000000000005KD66052PU687402900000124311020
075000000200135392100000000000000000000000000000000007055800287L867660W000000000000000000000000004JU453787L867660W00000124121020
07500000020013539210000000000000000000000000000000000143820051AV244180T000000000000000000000000000X517161AV244180T00000124261020