0740000002001353907Czech Goods s.r.o.  01111900000013280900+00000016514842+000000461730770000000494070190011300424FIO           
07500000020013539030000000000000000000000000000000000408040010000000000000000000000000000000000000000000000000000000000124031020
0750000002001353903000000000000000000000000000000000003730002065183904400000000000000000000000000503-4026065-1839044000124051020
0750000002001353903000000000000000000000000000000000005730002036164462100000000000000000000000000250-1399036-1644621000124071020
0750000002001353903000000000000000000000000000000000007640002647199900800000000000000000000000000503-4787647-1999008000124091020
0750000002001353903000000000000000000000000000000000003730002565376385200000000000000000000000000503-3824565-3763852000124091020
0750000002001353903000000000000000000000000000000000003302002326501981200000000000000000000000000503-4026326-5019812000124121020
0750000002001353903000000000000000000000000000000000003730002827277102000000000000000000000000000503-2557827-2771020000124141020
0750000002001353903000000000000000000000000000000000005340002975496466700000000000000000000000000250-3516975-4964667000124141020
0750000002001353903000000000000000000000000000000000003302002245673985700000000000000000000000000250-3113245-6739857000124161020
0750000002001353903000000000000000000000000000000000007640002456229423100000000000000000000000000250-9417456-2294231000124161020
0750000002001353903000000000000000000000000000000000004730002064905980600000000000000000000000000250-6942064-9059806000124161020
0750000002001353903000000000000000000000000000000000003302002911265744100000000000000000000000000250-4835911-2657441000124161020
07500000020013539030000000000000000000000000000000000229470010000000000000000000000000000000000000000000000000000000000124171020
0750000002001353903000000000000000000000000000000000007640002482249266500000000000000000000000000249-3900482-2492665000124191020
0750000002001353903000000000000000000000000000000000005340002145309263000000000000000000000000000503-4040145-3092630000124191020
0750000002001353903000000000000000000000000000000000005340002512487106900000000000000000000000000249-7511512-4871069000124191020
0750000002001353903000000000000000000000000000000000007640002224454784600000000000000000000000000249-7038224-4547846000124231020
0750000002001353903000000000000000000000000000000000009485002891493983600000000000000000000000000250-4186891-4939836000124261020
0750000002001353903000000000000000000000000000000000006485002891493983600000000000000000000000000250-4186891-4939836000124261020
0750000002001353903000000000000000000000000000000000005340002223432380000000000000000000000000000250-2952223-4323800000124261020
0750000002001353903000000000000000000000000000000000005340002581138621700000000000000000000000000250-7387581-1386217000124281020
0750000002001353903000000000000000000000000000000000002730002511580705700000000000000000000000000249-5597511-5807057000124301020
0750000002001353903000000000000000000000000000000000007640002120670944200000000000000000000000000503-7734120-6709442000124301020
0750000002001353903000000000000000000000000000000000001730002749996466700000000000000000000000000250-1404749-9964667000124301020
07500000020013539030000000000000000000000000000000000424360010000000000000000000000000000000000000000000000000000000000124311020