0740000002001353907Czech Goods s.r.o.  01111900000013280900+00000016514842+000000461730770000000494070190011300424FIO           
07500000020013539220000000000000000000000000000000000001139820000003099000000000000000000000000003099000000000000000000124311023
07500000020013539220000000000000000000000000000000000000860020000003098000000000000000000000000003098000000000000000000124301023
07500000020013539220000000000000000000000000000000000001250020000003097000000000000000000000000003097000000000000000000124301023
07500000020013539220000000000000000000000000000000000000169920000003096000000000000000000000000003096000000000000000000124291023
07500000020013539220000000000000000000000000000000000000289920000003095000000000000000000000000003095000000000000000000124291023
07500000020013539220000000000000000000000000000000000001004520000003094000000000000000000000000003094000000000000000000124281023
07500000020013539220000000000000000000000000000000000283000020000003093000000000000000000000000003093000000000000000000124281023
07500000020013539220000000000000000000000000000000000000458520000003090000000000000000000000000003090000000000000000000124261023
07500000020013539220000000000000000000000000000000000000597020000003089000000000000000000000000003089000000000000000000124261023
07500000020013539220000000000000000000000000000000000003530020000003088000000000000000000000000003088000000000000000000124251023
07500000020013539220000000000000000000000000000000000000289920000003083000000000000000000000000003083000000000000000000124231023
07500000020013539220000000000000000000000000000000000001582520000003082000000000000000000000000003082000000000000000000124231023
07500000020013539220000000000000000000000000000000000000540020000003079000000000000000000000000003079000000000000000000124221023
07500000020013539220000000000000000000000000000000000000299920000003076000000000000000000000000003076000000000000000000124221023
07500000020013539220000000000000000000000000000000000001563520000003074000000000000000000000000003074000000000000000000124201023
07500000020013539220000000000000000000000000000000000000399020000003073000000000000000000000000003073000000000000000000124201023
07500000020013539220000000000000000000000000000000000000299920000003072000000000000000000000000003072000000000000000000124201023
07500000020013539220000000000000000000000000000000000000187520000003070000000000000000000000000003070000000000000000000124191023
07500000020013539220000000000000000000000000000000000000429820000003067000000000000000000000000003067000000000000000000124181023
07500000020013539220000000000000000000000000000000000000853020000003066000000000000000000000000003066000000000000000000124171023
07500000020013539220000000000000000000000000000000000000209020000003065000000000000000000000000003065000000000000000000124171023
07500000020013539220000000000000000000000000000000000001220020000003064000000000000000000000000003064000000000000000000124171023
07500000020013539220000000000000000000000000000000000000410020000003062000000000000000000000000003062000000000000000000124161023
07500000020013539220000000000000000000000000000000000000298020000003061000000000000000000000000003061000000000000000000124151023
07500000020013539220000000000000000000000000000000000000589720000003059000000000000000000000000003059000000000000000000124141023
07500000020013539220000000000000000000000000000000000000299050000003055000000000000000000000000003055000000000000000000124141023
07500000020013539220000000000000000000000000000000000000220020000003057000000000000000000000000003057000000000000000000124131023
07500000020013539220000000000000000000000000000000000000249920000003056000000000000000000000000003056000000000000000000124131023
07500000020013539220000000000000000000000000000000000000299020000003055000000000000000000000000003055000000000000000000124111023
07500000020013539220000000000000000000000000000000000001299420000003054000000000000000000000000003054000000000000000000124091023
07500000020013539220000000000000000000000000000000000000939620000003050000000000000000000000000003050000000000000000000124071023
07500000020013539220000000000000000000000000000000000000490020000003049000000000000000000000000003049000000000000000000124031023
07500000020013539220000000000000000000000000000000000003099220000003048000000000000000000000000003048000000000000000000124021023