0740000002001353907Czech Goods s.r.o.  01111900000013280900+00000016514842+000000461730770000000494070190011300424FIO           
0750000002001353901000000000000000000000000000000000000039492742304903700000000000000000000000000702-7995742-3049037000124010520
0750000002001353901000000000000000000000000000000000000041492742304903700000000000000000000000000702-7995742-3049037000124010520
0750000002001353901000000000000000000000000000000000000023982220134101400000000000000000000000000701-6876220-1341014000124010520
0750000002001353901000000000000000000000000000000000000039992584763143000000000000000000000000000701-4654584-7631430000124010520
0750000002001353901000000000000000000000000000000000000016992638729223900000000000000000000000000701-5038638-7292239000124010520
0750000002001353901000000000000000000000000000000000000013992798753945800000000000000000000000000701-4655798-7539458000124010520
0750000002001353901000000000000000000000000000000000000088992731700981800000000000000000000000000701-3305731-7009818000124010520
0750000002001353901000000000000000000000000000000000000018992771568664100000000000000000000000000701-4321771-5686641000124010520
0750000002001353901000000000000000000000000000000000000018082916870980200000000000000000000000000701-1962916-8709802000124010520
0750000002001353901000000000000000000000000000000000000050982841413066300000000000000000000000000701-6444841-4130663000124010520
0750000002001353901000000000000000000000000000000000000049992518790665200000000000000000000000000702-1801518-7906652000124010520
0750000002001353901000000000000000000000000000000000000039902124828266900000000000000000000000000702-8371124-8282669000124010520
0750000002001353901000000000000000000000000000000000000020992510783302700000000000000000000000000701-7200510-7833027000124010520
0750000002001353901000000000000000000000000000000000000030772530639302200000000000000000000000000702-3900530-6393022000124010520
0750000002001353901000000000000000000000000000000000000039892581134745600000000000000000000000000702-8029581-1347456000124010520
0750000002001353901000000000000000000000000000000000000088995731700981800000000000000000000000000701-3305731-7009818000124010520
0750000002001353901000000000000000000000000000000000000027452905388986700000000000000000000000000702-1930905-3889867000124040520
0750000002001353901000000000000000000000000000000000000028482905388986700000000000000000000000000702-1930905-3889867000124040520
0750000002001353901000000000000000000000000000000000000015982738111220900000000000000000000000000702-7608738-1112209000124040520
0750000002001353901000000000000000000000000000000000000069992719169140300000000000000000000000000701-4680719-1691403000124040520
0750000002001353901000000000000000000000000000000000000019992922143780200000000000000000000000000701-7053922-1437802000124040520
0750000002001353901000000000000000000000000000000000000015982790261620900000000000000000000000000702-8162790-2616209000124040520
0750000002001353901000000000000000000000000000000000000078782501923946000000000000000000000000000702-0754501-9239460000124040520
0750000002001353901000000000000000000000000000000000000102992182723065100000000000000000000000000701-8849182-7230651000124040520
0750000002001353901000000000000000000000000000000000000029992660153461300000000000000000000000000702-1451660-1534613000124040520
0750000002001353901000000000000000000000000000000000000016992763177382200000000000000000000000000702-3221763-1773822000124040520
0750000002001353901000000000000000000000000000000000000028982436770500800000000000000000000000000701-1088436-7705008000124040520
0750000002001353901000000000000000000000000000000000000017982649047066100000000000000000000000000701-0823649-0470661000124040520
0750000002001353901000000000000000000000000000000000000038992229130742700000000000000000000000000702-4958229-1307427000124040520
0750000002001353901000000000000000000000000000000000000023982903526661100000000000000000000000000702-5585903-5266611000124040520
0750000002001353901000000000000000000000000000000000000078782860746985800000000000000000000000000702-2683860-7469858000124040520
0750000002001353901000000000000000000000000000000000000030892012303705200000000000000000000000000702-9413012-3037052000124040520
0750000002001353901000000000000000000000000000000000000014762209092500300000000000000000000000000702-6629209-0925003000124040520
0750000002001353901000000000000000000000000000000000000019492209092500300000000000000000000000000702-6629209-0925003000124040520
0750000002001353901000000000000000000000000000000000000032992978756581000000000000000000000000000701-9558978-7565810000124040520
0750000002001353901000000000000000000000000000000000000019992263506584000000000000000000000000000701-1605263-5065840000124040520
0750000002001353901000000000000000000000000000000000000035992711486980500000000000000000000000000702-4521711-4869805000124040520
0750000002001353901000000000000000000000000000000000000012992688567943200000000000000000000000000702-4207688-5679432000124040520
0750000002001353901000000000000000000000000000000000000033092161826661100000000000000000000000000702-0499161-8266611000124040520
0750000002001353901000000000000000000000000000000000000032182493497865800000000000000000000000000702-2021493-4978658000124040520
0750000002001353901000000000000000000000000000000000000040872493497865800000000000000000000000000702-2021493-4978658000124040520
0750000002001353901000000000000000000000000000000000000013902493497865800000000000000000000000000702-2021493-4978658000124040520
0750000002001353901000000000000000000000000000000000000009992857041941400000000000000000000000000702-2116857-0419414000124040520
0750000002001353901000000000000000000000000000000000000035002935521866000000000000000000000000000702-5180935-5218660000124040520
0750000002001353901000000000000000000000000000000000000046962277344340700000000000000000000000000701-6814277-3443407000124050520
0750000002001353901000000000000000000000000000000000000042992830895140500000000000000000000000000701-0983830-8951405000124050520
0750000002001353901000000000000000000000000000000000000023982800627946400000000000000000000000000701-1217800-6279464000124050520
0750000002001353901000000000000000000000000000000000000047982740580260900000000000000000000000000702-6836740-5802609000124050520
0750000002001353901000000000000000000000000000000000000033992144504424100000000000000000000000000702-3859144-5044241000124050520
0750000002001353901000000000000000000000000000000000000032992860983784000000000000000000000000000702-8406860-9837840000124050520
0750000002001353901000000000000000000000000000000000000011482091332343700000000000000000000000000701-2464091-3323437000124050520
0750000002001353901000000000000000000000000000000000000015492091332343700000000000000000000000000701-2464091-3323437000124050520
0750000002001353901000000000000000000000000000000000000042992375977541700000000000000000000000000701-9637375-9775417000124050520
0750000002001353901000000000000000000000000000000000000112992686038663600000000000000000000000000701-0691686-0386636000124050520
0750000002001353901000000000000000000000000000000000000039892811495623600000000000000000000000000702-6455811-4956236000124050520
0750000002001353901000000000000000000000000000000000000021142771074582500000000000000000000000000702-7570771-0745825000124050520
0750000002001353901000000000000000000000000000000000000020492357338823100000000000000000000000000702-2741357-3388231000124050520
0750000002001353901000000000000000000000000000000000000024872357338823100000000000000000000000000702-2741357-3388231000124050520
0750000002001353901000000000000000000000000000000000000013992508503625800000000000000000000000000701-1576508-5036258000124050520
0750000002001353901000000000000000000000000000000000000016992778847944900000000000000000000000000701-8794778-8479449000124050520
0750000002001353901000000000000000000000000000000000000039892254401064300000000000000000000000000702-7304254-4010643000124050520
0750000002001353901000000000000000000000000000000000000077992494660422300000000000000000000000000702-3767494-6604223000124050520
0750000002001353901000000000000000000000000000000000000028292058959064000000000000000000000000000701-1457058-9590640000124050520
0750000002001353901000000000000000000000000000000000000049995628996107100000000000000000000000000702-0255628-9961071000124060520
0750000002001353901000000000000000000000000000000000000039992647930425500000000000000000000000000701-9351647-9304255000124080520