0740000002001353907Czech Goods s.r.o.  01111900000013280900+00000016514842+000000461730770000000494070190011300424FIO           
0750000002001353901000000000000000000000000000000000000047992211242904700000000000000000000000000701-1092211-2429047000124040224
0750000002001353901000000000000000000000000000000000000026982774277701000000000000000000000000000701-8307774-2777010000124060224
0750000002001353901000000000000000000000000000000000000020432109468342800000000000000000000000000702-0361109-4683428000124060224
0750000002001353901000000000000000000000000000000000000039982115262905000000000000000000000000000701-7289115-2629050000124080224
0750000002001353901000000000000000000000000000000000000033992279371465100000000000000000000000000702-3197279-3714651000124080224
07500000020013539010000000000000000000000000000000000003003010000000000000000000000000000000000000000000000000000000000124090224
0750000002001353901000000000000000000000000000000000000011982846653223100000000000000000000000000701-2395846-6532231000124110224
0750000002001353901000000000000000000000000000000000000037992468515225400000000000000000000000000702-4465468-5152254000124130224
0750000002001353901000000000000000000000000000000000000024982516299945200000000000000000000000000701-1302516-2999452000124130224
0750000002001353901000000000000000000000000000000000000028005918667620600000000000000000000000000701-8617918-6676206000124140224
0750000002001353901000000000000000000000000000000000000024982988694982300000000000000000000000000701-2276988-6949823000124190224
0750000002001353901000000000000000000000000000000000000021982409538101100000000000000000000000000701-6146409-5381011000124220224
07500000020013539010000000000000000000000000000000000001230010000000000000000000000000000000000000000000000000000000000124230224
0750000002001353901000000000000000000000000000000000000047992457141380700000000000000000000000000702-5572457-1413807000124250224
0750000002001353901000000000000000000000000000000000000034972973223703800000000000000000000000000701-9035973-2237038000124250224
0750000002001353901000000000000000000000000000000000000034982675051222800000000000000000000000000702-7492675-0512228000124250224
0750000002001353901000000000000000000000000000000000000024982764394101600000000000000000000000000702-2294764-3941016000124250224
0750000002001353901000000000000000000000000000000000000039982497004184800000000000000000000000000701-6116497-0041848000124250224
0750000002001353901000000000000000000000000000000000000024982315521783200000000000000000000000000701-3438315-5217832000124250224
0750000002001353901000000000000000000000000000000000000036982227973540400000000000000000000000000702-6852227-9735404000124270224
0750000002001353901000000000000000000000000000000000000018982078567461400000000000000000000000000701-3412078-5674614000124270224
0750000002001353901000000000000000000000000000000000000024982978600263200000000000000000000000000701-5951978-6002632000124290224
0750000002001353901000000000000000000000000000000000000088992355604021900000000000000000000000000702-1150355-6040219000124290224
0750000002001353901000000000000000000000000000000000000032982906572420100000000000000000000000000701-9970906-5724201000124290224