0740000002001353907Czech Goods s.r.o.  01111900000013280900+00000016514842+000000461730770000000494070190011300424FIO           
0750000002001353915000000000000000000000000000000000000026992951669712700000000000000000000000000408-0091951-6697127000124050224
07500000020013539150000000000000000000000000000000000001062710000000000000000000000000000000000000000000000000000000000124170224
0750000002001353915000000000000000000000000000000000000026992290539393600000000000000000000000000408-2472290-5393936000124230224
0750000002001353915000000000000000000000000000000000000062002070906676300000000000000000000000000405-7042070-9066763000124260224