0740000002001353907Czech Goods s.r.o.  01111900000013280900+00000016514842+000000461730770000000494070190011300424FIO           
0750000002001353902000000000000000000000000000000000001195005698303945400000000000000000000000000702-1407698-3039454000124010224
0750000002001353902000000000000000000000000000000000002195002542046746800000000000000000000000000702-6059542-0467468000124010224
0750000002001353902000000000000000000000000000000000001195002372825940600000000000000000000000000702-7039372-8259406000124060224
0750000002001353902000000000000000000000000000000000001595002681949946300000000000000000000000000701-6390681-9499463000124060224
0750000002001353902000000000000000000000000000000000001195002238817546900000000000000000000000000702-1008238-8175469000124080224
0750000002001353902000000000000000000000000000000000000950002051013140100000000000000000000000000701-0997051-0131401000124080224
0750000002001353902000000000000000000000000000000000000950002051013140100000000000000000000000000701-0997051-0131401000124080224
0750000002001353902000000000000000000000000000000000001195002897697466900000000000000000000000000702-3416897-6974669000124110224
07500000020013539020000000000000000000000000000000000057319010000000000000000000000000000000000000000000000000000000000124120224
0750000002001353902000000000000000000000000000000000001425002173601460200000000000000000000000000702-5970173-6014602000124130224
0750000002001353902000000000000000000000000000000000001400002497863463800000000000000000000000000701-7451497-8634638000124190224
0750000002001353902000000000000000000000000000000000000975002395548026400000000000000000000000000701-5926395-5480264000124220224
0750000002001353902000000000000000000000000000000000000995002579507706300000000000000000000000000702-3541579-5077063000124250224
0750000002001353902000000000000000000000000000000000002845002605247383000000000000000000000000000701-2609605-2473830000124250224
07500000020013539020000000000000000000000000000000000091086110000000000000000000000000000000000000000000000000000000000124260224