0740000002001353907Czech Goods s.r.o.  01111900000013280900+00000016514842+000000461730770000000494070190011300424FIO           
07500000020013539140000000000000000000000000000000000000640910000000000000000000000000000000000000000000000000000000000124060224
0750000002001353914000000000000000000000000000000000000064222095799586500000000000000000000000000249-5935095-7995865000124110224
0750000002001353914000000000000000000000000000000000000073382804361340400000000000000000000000000249-3345804-3613404000124140224
0750000002001353914000000000000000000000000000000000000022932565422781400000000000000000000000000249-5071565-4227814000124150224
07500000020013539140000000000000000000000000000000000001414510000000000000000000000000000000000000000000000000000000000124200224