0740000002001353907Czech Goods s.r.o.  01111900000013280900+00000016514842+000000461730770000000494070190011300424FIO           
0750000002001353907000000000000000000000000000000000000022992105925234700000000000000000000000000171-7333105-9252347000124020224
0750000002001353907000000000000000000000000000000000000036992607489875500000000000000000000000000403-3906607-4898755000124050224
0750000002001353907000000000000000000000000000000000000019002482419152800000000000000000000000000406-9402482-4191528000124070224
0750000002001353907000000000000000000000000000000000000020202557407394300000000000000000000000000171-9363557-4073943000124070224
0750000002001353907000000000000000000000000000000000000040992061731152800000000000000000000000000403-6254061-7311528000124090224
0750000002001353907000000000000000000000000000000000000025792377705313600000000000000000000000000402-9435377-7053136000124090224
0750000002001353907000000000000000000000000000000000000027992251656994300000000000000000000000000406-7510251-6569943000124090224
0750000002001353907000000000000000000000000000000000000041992976498513400000000000000000000000000403-8793976-4985134000124090224
07500000020013539070000000000000000000000000000000000001243110000000000000000000000000000000000000000000000000000000000124140224
0750000002001353907000000000000000000000000000000000000015452622866990000000000000000000000000000171-7857622-8669900000124160224
0750000002001353907000000000000000000000000000000000000049952824074676500000000000000000000000000406-2664824-0746765000124190224
0750000002001353907000000000000000000000000000000000000013992447925070100000000000000000000000000404-5284447-9250701000124230224
0750000002001353907000000000000000000000000000000000000019032870707470000000000000000000000000000408-6494870-7074700000124260224
0750000002001353907000000000000000000000000000000000000017952101978996900000000000000000000000000408-9281101-9789969000124260224
07500000020013539070000000000000000000000000000000000000566710000000000000000000000000000000000000000000000000000000000124280224
0750000002001353907000000000000000000000000000000000000061992265186194700000000000000000000000000408-7121265-1861947000124280224