0740000002001353907Czech Goods s.r.o.  01111900000013280900+00000016514842+000000461730770000000494070190011300424FIO           
0750000002001353908000000000000000000000000000000000000069002390620355300000000000000000000000000405-0595390-6203553000124020224
0750000002001353908000000000000000000000000000000000000032982640746993300000000000000000000000000171-4955640-7469933000124020224
0750000002001353908000000000000000000000000000000000000020792555593236000000000000000000000000000171-0085555-5932360000124020224
0750000002001353908000000000000000000000000000000000000021992876588596900000000000000000000000000403-8057876-5885969000124020224
0750000002001353908000000000000000000000000000000000000026005704106114500000000000000000000000000404-1462704-1061145000124020224
0750000002001353908000000000000000000000000000000000000028992441460756000000000000000000000000000404-3843441-4607560000124050224
0750000002001353908000000000000000000000000000000000000035992673307071400000000000000000000000000408-4351673-3070714000124120224
0750000002001353908000000000000000000000000000000000000029002504856272000000000000000000000000000407-4112504-8562720000124120224
0750000002001353908000000000000000000000000000000000000069002111919712000000000000000000000000000171-6866111-9197120000124120224
07500000020013539080000000000000000000000000000000000003199810000000000000000000000000000000000000000000000000000000000124140224
0750000002001353908000000000000000000000000000000000000019992490420192600000000000000000000000000405-5208490-4201926000124140224
0750000002001353908000000000000000000000000000000000000026992774630916500000000000000000000000000402-1039774-6309165000124190224
0750000002001353908000000000000000000000000000000000000029992085180830900000000000000000000000000408-2615085-1808309000124190224
0750000002001353908000000000000000000000000000000000000019992028016034800000000000000000000000000404-3315028-0160348000124190224
0750000002001353908000000000000000000000000000000000000015992283518271500000000000000000000000000404-4265283-5182715000124210224
0750000002001353908000000000000000000000000000000000000051982704104355400000000000000000000000000408-1305704-1043554000124210224
0750000002001353908000000000000000000000000000000000000017992019467153900000000000000000000000000402-4027019-4671539000124230224
0750000002001353908000000000000000000000000000000000000019992671261795500000000000000000000000000408-4407671-2617955000124260224
0750000002001353908000000000000000000000000000000000000021992087494355900000000000000000000000000403-8897087-4943559000124260224
0750000002001353908000000000000000000000000000000000000024982056421953800000000000000000000000000404-9580056-4219538000124260224
07500000020013539080000000000000000000000000000000000001200310000000000000000000000000000000000000000000000000000000000124280224
0750000002001353908000000000000000000000000000000000000068992756760992600000000000000000000000000405-9198756-7609926000124280224
0750000002001353908000000000000000000000000000000000000019992034640672600000000000000000000000000406-0609034-6406726000124280224
0750000002001353908000000000000000000000000000000000000020992172784596400000000000000000000000000402-8541172-7845964000124280224