0740000002001353907Czech Goods s.r.o.  01111900000013280900+00000016514842+000000461730770000000494070190011300424FIO           
07500000020013539210000000000000000000000000000000000001442520942551701000000000000000000000000006060942551701000000000124011020
07500000020013539210000000000000000000000000000000000000119423743001204000000000000000000000000008693743001204000000000124011020
07500000020013539210000000000000000000000000000000000000839521888497449000000000000000000000000009471888497449000000000124011020
07500000020013539210000000000000000000000000000000000000249821373517381000000000000000000000000002211373517381000000000124011020
07500000020013539210000000000000000000000000000000000000559927504385014000000000000000000000000007135675043850140000000124011020
07500000020013539210000000000000000000000000000000000000459921401219749000000000000000000000000007902414012197490000000124011020
07500000020013539210000000000000000000000000000000000000169822441688552000000000000000000000000002292441688552000000000124011020
07500000020013539210000000000000000000000000000000000000369826755718351000000000000000000000000009722867557183510000000124021020
07500000020013539210000000000000000000000000000000000000612223315607034000000000000000000000000008503315607034000000000124031020
07500000020013539210000000000000000000000000000000000000129823024647419000000000000000000000000008407430246474190000000124031020
07500000020013539210000000000000000000000000000000000000229824659533022000000000000000000000000008154546595330220000000124031020
07500000020013539210000000000000000000000000000000000000169825642731031000000000000000000000000006605564273103100000000124051020
07500000020013539210000000000000000000000000000000000000449829020089022000000000000000000000000003839020089022000000000124061020
07500000020013539210000000000000000000000000000000000000399523472609073000000000000000000000000003743472609073000000000124061020
07500000020013539210000000000000000000000000000000000000269828333959202000000000000000000000000009136083339592020000000124061020
07500000020013539210000000000000000000000000000000000000119820825814520000000000000000000000000004220082581452000000000124071020
07500000020013539210000000000000000000000000000000000000282526590235144000000000000000000000000001846590235144000000000124071020
07500000020013539210000000000000000000000000000000000000589722352543352000000000000000000000000005042235254335200000000124081020
07500000020013539210000000000000000000000000000000000000319422531592734000000000000000000000000007752531592734000000000124081020
07500000020013539210000000000000000000000000000000000000149822449965794000000000000000000000000006691244996579400000000124081020
07500000020013539210000000000000000000000000000000000000449421270480125000000000000000000000000004627127048012500000000124091020
07500000020013539210000000000000000000000000000000000000149428502916203000000000000000000000000006648502916203000000000124091020
07500000020013539210000000000000000000000000000000000001488921385910193000000000000000000000000005101385910193000000000124091020
07500000020013539210000000000000000000000000000000000000129824794233273000000000000000000000000004224794233273000000000124091020
07500000020013539210000000000000000000000000000000000000822528341411463000000000000000000000000000458341411463000000000124101020
07500000020013539210000000000000000000000000000000000000269820237444142000000000000000000000000008722023744414200000000124101020
07500000020013539210000000000000000000000000000000000000749820348390227000000000000000000000000006820348390227000000000124101020
07500000020013539210000000000000000000000000000000000000849428149410494000000000000000000000000000705814941049400000000124101020
07500000020013539210000000000000000000000000000000000000199420212516461000000000000000000000000002202125164610000000000124101020
07500000020013539210000000000000000000000000000000000000869825163669815000000000000000000000000005620516366981500000000124111020
07500000020013539210000000000000000000000000000000000000354728517207394000000000000000000000000009308517207394000000000124111020
07500000020013539210000000000000000000000000000000000000869821582566753000000000000000000000000001304158256675300000000124111020
07500000020013539210000000000000000000000000000000000001299626270389033000000000000000000000000003726270389033000000000124121020
07500000020013539210000000000000000000000000000000000000179829193994664000000000000000000000000008189919399466400000000124121020
07500000020013539210000000000000000000000000000000000000249426771013930000000000000000000000000004587367710139300000000124121020
07500000020013539210000000000000000000000000000000000000269827599825445000000000000000000000000007767599825445000000000124131020
07500000020013539210000000000000000000000000000000000000439825870556035000000000000000000000000003829587055603500000000124131020
07500000020013539210000000000000000000000000000000000000139822238928616000000000000000000000000002492238928616000000000124141020
07500000020013539210000000000000000000000000000000000000159923047242239000000000000000000000000009540304724223900000000124141020
07500000020013539210000000000000000000000000000000000000149826707512954000000000000000000000000008336707512954000000000124141020
07500000020013539210000000000000000000000000000000000000299420681385230000000000000000000000000002110681385230000000000124141020
07500000020013539210000000000000000000000000000000000000209820784998432000000000000000000000000008930784998432000000000124151020
07500000020013539210000000000000000000000000000000000000583820641518125000000000000000000000000008874306415181250000000124151020
07500000020013539210000000000000000000000000000000000000159828579367520000000000000000000000000001568579367520000000000124151020
07500000020013539210000000000000000000000000000000000000119821185080614000000000000000000000000006083118508061400000000124151020
07500000020013539210000000000000000000000000000000000000199428627667673000000000000000000000000003809862766767300000000124161020
07500000020013539210000000000000000000000000000000000000439823871928425000000000000000000000000008043871928425000000000124171020
07500000020013539210000000000000000000000000000000000000388821236803207000000000000000000000000000531236803207000000000124171020
07500000020013539210000000000000000000000000000000000000319828703688980000000000000000000000000007500870368898000000000124171020
07500000020013539210000000000000000000000000000000000000599827165156153000000000000000000000000002937165156153000000000124171020
07500000020013539210000000000000000000000000000000000000319424665407840000000000000000000000000007657466540784000000000124201020
07500000020013539210000000000000000000000000000000000000249826318071153000000000000000000000000009606631807115300000000124201020
07500000020013539210000000000000000000000000000000000000119821233208129000000000000000000000000007800431233208129000000124201020
07500000020013539210000000000000000000000000000000000000119826416327382000000000000000000000000001664163273820000000000124201020
07500000020013539210000000000000000000000000000000000000119420414190247000000000000000000000000000059041419024700000000124201020
07500000020013539210000000000000000000000000000000000000119821591656594000000000000000000000000003615916565940000000000124201020
07500000020013539210000000000000000000000000000000000000498628365871243000000000000000000000000001342836587124300000000124201020
07500000020013539210000000000000000000000000000000000000639629056438812000000000000000000000000003407905643881200000000124201020
07500000020013539210000000000000000000000000000000000000199829468784374000000000000000000000000009369468784374000000000124201020
07500000020013539210000000000000000000000000000000000000159821797544547000000000000000000000000004586179754454700000000124211020
07500000020013539210000000000000000000000000000000000000319821225126662000000000000000000000000003781225126662000000000124211020
07500000020013539210000000000000000000000000000000000000119859597949000000000000000000000000000000260959794900000000000124211020
07500000020013539210000000000000000000000000000000000000119456509015160000000000000000000000000006346650901516000000000124211020
07500000020013539210000000000000000000000000000000000000498650550496815000000000000000000000000009520550496815000000000124211020
07500000020013539210000000000000000000000000000000000000169823476138574000000000000000000000000000293476138574000000000124211020
07500000020013539210000000000000000000000000000000000000199824148514750000000000000000000000000004364148514750000000000124221020
07500000020013539210000000000000000000000000000000000000029955677086733000000000000000000000000008576165677086733000000124231020
07500000020013539210000000000000000000000000000000000000449728774501892000000000000000000000000003283877450189200000000124241020
07500000020013539210000000000000000000000000000000000000469820159050844000000000000000000000000009301590508440000000000124241020
07500000020013539210000000000000000000000000000000000000169822050311970000000000000000000000000005792050311970000000000124241020
07500000020013539210000000000000000000000000000000000000829624347480913000000000000000000000000002143474809130000000000124251020
07500000020013539210000000000000000000000000000000000000219928407706092000000000000000000000000003984077060920000000000124251020
07500000020013539210000000000000000000000000000000000000199427515336935000000000000000000000000008775153369350000000000124251020
07500000020013539210000000000000000000000000000000000000389728062129722000000000000000000000000000488806212972200000000124251020
07500000020013539210000000000000000000000000000000000000269821697105182000000000000000000000000003241697105182000000000124261020
07500000020013539210000000000000000000000000000000000000199420530250473000000000000000000000000004820530250473000000000124261020
07500000020013539210000000000000000000000000000000000000239827154463510000000000000000000000000001848715446351000000000124261020
07500000020013539210000000000000000000000000000000000000159827110993722000000000000000000000000000914871109937220000000124261020
07500000020013539210000000000000000000000000000000000000119423854840762000000000000000000000000007838548407620000000000124261020
07500000020013539210000000000000000000000000000000000000239825248578801000000000000000000000000009252485788010000000000124271020
07500000020013539210000000000000000000000000000000000000139426933229372000000000000000000000000003616933229372000000000124271020
07500000020013539210000000000000000000000000000000000001069629368801441000000000000000000000000001629368801441000000000124271020
07500000020013539210000000000000000000000000000000000000119827077302043000000000000000000000000006017077302043000000000124271020
07500000020013539210000000000000000000000000000000000000959924483025838000000000000000000000000006355448302583800000000124281020
07500000020013539210000000000000000000000000000000000000139827447645583000000000000000000000000005563774476455830000000124281020
07500000020013539210000000000000000000000000000000000000139428589037201000000000000000000000000003188589037201000000000124281020
07500000020013539210000000000000000000000000000000000000119820531110155000000000000000000000000001970531110155000000000124281020
07500000020013539210000000000000000000000000000000000000974428242654509000000000000000000000000000064824265450900000000124291020
07500000020013539210000000000000000000000000000000000000260727971116343000000000000000000000000004079711163430000000000124291020
07500000020013539210000000000000000000000000000000000000249826212750654000000000000000000000000001989862127506540000000124291020
07500000020013539210000000000000000000000000000000000000139821914839961000000000000000000000000008681914839961000000000124291020
07500000020013539210000000000000000000000000000000000000199425657725504000000000000000000000000009325657725504000000000124291020
07500000020013539210000000000000000000000000000000000000359624854540044000000000000000000000000008380485454004400000000124301020
07500000020013539210000000000000000000000000000000000000159429794935192000000000000000000000000001189794935192000000000124301020
07500000020013539210000000000000000000000000000000000000179827507939084000000000000000000000000001462750793908400000000124311020
07500000020013539210000000000000000000000000000000000000798723308362422000000000000000000000000005625330836242200000000124311020
07500000020013539210000000000000000000000000000000000000149425987111862000000000000000000000000008755987111862000000000124311020
07500000020013539210000000000000000000000000000000000000199320526874029000000000000000000000000005660526874029000000000124311020
07500000020013539210000000000000000000000000000000000705580023787867660000000000000000000000000004453787867660000000000124121020
07500000020013539210000000000000000000000000000000000143820057161244180000000000000000000000000000517161244180000000000124261020