0740000002001353907Czech Goods s.r.o.  01111900000013280900+00000016514842+000000461730770000000494070190011300424FIO           
0750000002001353910000000000000000000000000000000000000073662949504916900000000000000000000000000408-3501949-5049169000124070224
0750000002001353910000000000000000000000000000000000000077672949504916900000000000000000000000000408-3501949-5049169000124070224
0750000002001353910000000000000000000000000000000000000081672949504916900000000000000000000000000408-3501949-5049169000124070224
0750000002001353910000000000000000000000000000000000000027002400890833500000000000000000000000000405-9783400-8908335000124090224
0750000002001353910000000000000000000000000000000000000020992896718111700000000000000000000000000171-8565896-7181117000124120224
0750000002001353910000000000000000000000000000000000000026992581356273600000000000000000000000000407-9384581-3562736000124120224
0750000002001353910000000000000000000000000000000000000026992171865152500000000000000000000000000403-0858171-8651525000124120224
0750000002001353910000000000000000000000000000000000000029002077000993600000000000000000000000000403-5574077-0009936000124120224
0750000002001353910000000000000000000000000000000000000029992433883875800000000000000000000000000171-3018433-8838758000124140224
0750000002001353910000000000000000000000000000000000000029992751922192200000000000000000000000000171-1361751-9221922000124140224
0750000002001353910000000000000000000000000000000000000016002136654271500000000000000000000000000408-0948136-6542715000124210224
07500000020013539100000000000000000000000000000000000000858410000000000000000000000000000000000000000000000000000000000124230224