0740000002001353907Czech Goods s.r.o.  01111900000013280900+00000016514842+000000461730770000000494070190011300424FIO           
0750000002001353900000000000000000000000000000000000000020982971184106400000000000000000000000000114-4095971-1841064000124010224
0750000002001353900000000000000000000000000000000000000024982347957223000000000000000000000000000112-6605347-9572230000124010224
0750000002001353900000000000000000000000000000000000000014992029614985900000000000000000000000000112-9168029-6149859000124010224
0750000002001353900000000000000000000000000000000000000074982240490501300000000000000000000000000112-6821240-4905013000124010224
0750000002001353900000000000000000000000000000000000000049982495867462900000000000000000000000000114-9705495-8674629000124010224
0750000002001353900000000000000000000000000000000000000031482598060260900000000000000000000000000111-4524598-0602609000124010224
0750000002001353900000000000000000000000000000000000000045492598060260900000000000000000000000000111-4524598-0602609000124010224
0750000002001353900000000000000000000000000000000000000021982714561544400000000000000000000000000111-8220714-5615444000124010224
0750000002001353900000000000000000000000000000000000000029982967330023100000000000000000000000000113-5405967-3300231000124010224
0750000002001353900000000000000000000000000000000000000285322467457945200000000000000000000000000114-1345467-4579452000124010224
0750000002001353900000000000000000000000000000000000000115332467457945200000000000000000000000000114-1345467-4579452000124010224
0750000002001353900000000000000000000000000000000000000185322467457945200000000000000000000000000114-1345467-4579452000124010224
0750000002001353900000000000000000000000000000000000000078992637670580900000000000000000000000000112-5086637-6705809000124010224
0750000002001353900000000000000000000000000000000000000029982843254421600000000000000000000000000113-3527843-2544216000124010224
0750000002001353900000000000000000000000000000000000000049982580184183300000000000000000000000000114-4031580-1841833000124010224
0750000002001353900000000000000000000000000000000000000050992450534742100000000000000000000000000113-1871450-5347421000124010224
0750000002001353900000000000000000000000000000000000000029982176008106300000000000000000000000000112-9319176-0081063000124010224
0750000002001353900000000000000000000000000000000000000059982813866101900000000000000000000000000114-8054813-8661019000124010224
0750000002001353900000000000000000000000000000000000000028992763407381200000000000000000000000000111-8195763-4073812000124010224
0750000002001353900000000000000000000000000000000000000019472114225382500000000000000000000000000114-7664114-2253825000124010224
0750000002001353900000000000000000000000000000000000000029482114225382500000000000000000000000000114-7664114-2253825000124010224
0750000002001353900000000000000000000000000000000000000046982192402822300000000000000000000000000114-1568192-4028223000124010224
0750000002001353900000000000000000000000000000000000000019982641947142100000000000000000000000000113-1242641-9471421000124010224
07500000020013539000000000000000000000000000000000000000609310000000000000000000000000000000000000000000000000000000000124020224
0750000002001353900000000000000000000000000000000000000029985824417303900000000000000000000000000112-1155824-4173039000124030224
0750000002001353900000000000000000000000000000000000000027682297559624500000000000000000000000000114-4891297-5596245000124040224
0750000002001353900000000000000000000000000000000000000028982721448420600000000000000000000000000113-3885721-4484206000124040224
0750000002001353900000000000000000000000000000000000000034982010928024700000000000000000000000000112-8396010-9280247000124040224
0750000002001353900000000000000000000000000000000000000024982443207863000000000000000000000000000113-9501443-2078630000124040224
0750000002001353900000000000000000000000000000000000000024982950108345900000000000000000000000000112-9109950-1083459000124040224
0750000002001353900000000000000000000000000000000000000024982035198981800000000000000000000000000113-1334035-1989818000124040224
0750000002001353900000000000000000000000000000000000000048992031413222100000000000000000000000000111-6084031-4132221000124040224
0750000002001353900000000000000000000000000000000000000038992571156262900000000000000000000000000114-5672571-1562629000124040224
0750000002001353900000000000000000000000000000000000000042992438082504500000000000000000000000000113-1922438-0825045000124040224
0750000002001353900000000000000000000000000000000000000092282337814342900000000000000000000000000112-2006337-8143429000124040224
0750000002001353900000000000000000000000000000000000000092282337814342900000000000000000000000000112-2006337-8143429000124040224
0750000002001353900000000000000000000000000000000000000092282337814342900000000000000000000000000112-2006337-8143429000124040224
0750000002001353900000000000000000000000000000000000000018992474930184000000000000000000000000000113-6959474-9301840000124040224
0750000002001353900000000000000000000000000000000000000038992502809700300000000000000000000000000111-8208502-8097003000124040224
0750000002001353900000000000000000000000000000000000000147942100856980400000000000000000000000000111-7611100-8569804000124040224
0750000002001353900000000000000000000000000000000000000024982916953703900000000000000000000000000113-2332916-9537039000124040224
0750000002001353900000000000000000000000000000000000000034982215228506600000000000000000000000000113-6502215-2285066000124040224
0750000002001353900000000000000000000000000000000000000019982242104184900000000000000000000000000113-2941242-1041849000124040224
0750000002001353900000000000000000000000000000000000000019982101846102900000000000000000000000000112-7073101-8461029000124040224
0750000002001353900000000000000000000000000000000000000116992764229381200000000000000000000000000113-7285764-2293812000124040224
0750000002001353900000000000000000000000000000000000000021982846740826900000000000000000000000000112-5857846-7408269000124040224
0750000002001353900000000000000000000000000000000000000079982464378902300000000000000000000000000114-2530464-3789023000124040224
0750000002001353900000000000000000000000000000000000000058992587137461900000000000000000000000000111-7125587-1374619000124040224
0750000002001353900000000000000000000000000000000000000068992947074026700000000000000000000000000114-0237947-0740267000124040224
0750000002001353900000000000000000000000000000000000000018982632346184200000000000000000000000000113-7868632-3461842000124040224
0750000002001353900000000000000000000000000000000000000028992281762182100000000000000000000000000113-9022281-7621821000124040224
0750000002001353900000000000000000000000000000000000000029982769002666200000000000000000000000000114-9673769-0026662000124040224
0750000002001353900000000000000000000000000000000000000212942839542660100000000000000000000000000112-1099839-5426601000124040224
0750000002001353900000000000000000000000000000000000000035492902860503600000000000000000000000000113-8885902-8605036000124060224
0750000002001353900000000000000000000000000000000000000026482902860503600000000000000000000000000113-8885902-8605036000124060224
0750000002001353900000000000000000000000000000000000000060962168027382200000000000000000000000000114-3738168-0273822000124060224
0750000002001353900000000000000000000000000000000000000034982768739780700000000000000000000000000111-4878768-7397807000124060224
0750000002001353900000000000000000000000000000000000000018992514473381100000000000000000000000000114-9972514-4733811000124060224
0750000002001353900000000000000000000000000000000000000038992965209066400000000000000000000000000113-3287965-2090664000124060224
0750000002001353900000000000000000000000000000000000000018992666795303400000000000000000000000000113-5128666-7953034000124060224
0750000002001353900000000000000000000000000000000000000029982592440180400000000000000000000000000111-0829592-4401804000124060224
0750000002001353900000000000000000000000000000000000000018992670122101700000000000000000000000000114-3660670-1221017000124060224
0750000002001353900000000000000000000000000000000000000016942079725146800000000000000000000000000113-7695079-7251468000124060224
0750000002001353900000000000000000000000000000000000000016982214107144000000000000000000000000000112-7448214-1071440000124060224
0750000002001353900000000000000000000000000000000000000018992812782104700000000000000000000000000114-0611812-7821047000124060224
0750000002001353900000000000000000000000000000000000000024942873705943200000000000000000000000000112-1337873-7059432000124060224
0750000002001353900000000000000000000000000000000000000021492076377065100000000000000000000000000113-8346076-3770651000124060224
0750000002001353900000000000000000000000000000000000000021482076377065100000000000000000000000000113-8346076-3770651000124060224
0750000002001353900000000000000000000000000000000000000046482384654105900000000000000000000000000111-9053384-6541059000124060224
0750000002001353900000000000000000000000000000000000000029982581496182400000000000000000000000000113-4013581-4961824000124060224
0750000002001353900000000000000000000000000000000000000029982651078101200000000000000000000000000114-6759651-0781012000124080224
0750000002001353900000000000000000000000000000000000000018992597948820100000000000000000000000000113-4879597-9488201000124080224
0750000002001353900000000000000000000000000000000000000019982334091461600000000000000000000000000113-0233334-0914616000124080224
0750000002001353900000000000000000000000000000000000000068332480058824500000000000000000000000000112-3250480-0588245000124080224
0750000002001353900000000000000000000000000000000000000062332480058824500000000000000000000000000112-3250480-0588245000124080224
0750000002001353900000000000000000000000000000000000000074332480058824500000000000000000000000000112-3250480-0588245000124080224
0750000002001353900000000000000000000000000000000000000029982044194344400000000000000000000000000114-9607044-1943444000124080224
0750000002001353900000000000000000000000000000000000000016942157571462300000000000000000000000000113-8425157-5714623000124080224
0750000002001353900000000000000000000000000000000000000016942056545066400000000000000000000000000113-8996056-5450664000124080224
0750000002001353900000000000000000000000000000000000000034982208146184900000000000000000000000000112-9344208-1461849000124080224
0750000002001353900000000000000000000000000000000000000016992595411301000000000000000000000000000113-5939595-4113010000124080224
0750000002001353900000000000000000000000000000000000000030992544875463100000000000000000000000000114-9245544-8754631000124080224
07500000020013539000000000000000000000000000000000000057047010000000000000000000000000000000000000000000000000000000000124090224
0750000002001353900000000000000000000000000000000000000022982939574743000000000000000000000000000113-9065939-5747430000124110224
0750000002001353900000000000000000000000000000000000000023982635824344800000000000000000000000000113-6891635-8243448000124110224
0750000002001353900000000000000000000000000000000000000038992392276986400000000000000000000000000113-8323392-2769864000124110224
0750000002001353900000000000000000000000000000000000000016942900660903800000000000000000000000000112-4909900-6609038000124110224
0750000002001353900000000000000000000000000000000000000023992900660903800000000000000000000000000112-4909900-6609038000124110224
0750000002001353900000000000000000000000000000000000000033982083393945500000000000000000000000000112-0837083-3939455000124110224
0750000002001353900000000000000000000000000000000000000015982624472181100000000000000000000000000114-4419624-4721811000124110224
0750000002001353900000000000000000000000000000000000000026982194294503800000000000000000000000000114-5693194-2945038000124110224
0750000002001353900000000000000000000000000000000000000049982239239943000000000000000000000000000111-3904239-2399430000124110224
0750000002001353900000000000000000000000000000000000000034982578227303000000000000000000000000000113-9257578-2273030000124110224
0750000002001353900000000000000000000000000000000000000034982632602420100000000000000000000000000114-7855632-6024201000124110224
0750000002001353900000000000000000000000000000000000000017732644820502000000000000000000000000000112-3633644-8205020000124110224
0750000002001353900000000000000000000000000000000000000019732644820502000000000000000000000000000112-3633644-8205020000124110224
0750000002001353900000000000000000000000000000000000000023702644820502000000000000000000000000000112-3633644-8205020000124110224
0750000002001353900000000000000000000000000000000000000019702644820502000000000000000000000000000112-3633644-8205020000124110224
0750000002001353900000000000000000000000000000000000000049982521832343800000000000000000000000000113-4099521-8323438000124110224
0750000002001353900000000000000000000000000000000000000036982235626582800000000000000000000000000113-0337235-6265828000124110224
0750000002001353900000000000000000000000000000000000000059982556800026900000000000000000000000000114-3146556-8000269000124110224
0750000002001353900000000000000000000000000000000000000058992406903223400000000000000000000000000111-8833406-9032234000124110224
0750000002001353900000000000000000000000000000000000000038992070094101400000000000000000000000000113-9896070-0941014000124110224
0750000002001353900000000000000000000000000000000000000041982830801785100000000000000000000000000112-6153830-8017851000124110224
0750000002001353900000000000000000000000000000000000000049982385223466800000000000000000000000000111-9083385-2234668000124110224
0750000002001353900000000000000000000000000000000000000033982881481780300000000000000000000000000112-4424881-4817803000124110224
0750000002001353900000000000000000000000000000000000000028992059299145900000000000000000000000000113-6997059-2991459000124110224
0750000002001353900000000000000000000000000000000000000023742680402585300000000000000000000000000114-5020680-4025853000124110224
0750000002001353900000000000000000000000000000000000000049742680402585300000000000000000000000000114-5020680-4025853000124110224
0750000002001353900000000000000000000000000000000000000039742680402585300000000000000000000000000114-5020680-4025853000124110224
0750000002001353900000000000000000000000000000000000000033752680402585300000000000000000000000000114-5020680-4025853000124110224
0750000002001353900000000000000000000000000000000000000021982098102505500000000000000000000000000112-9060098-1025055000124110224
0750000002001353900000000000000000000000000000000000000134952698610025400000000000000000000000000111-8122698-6100254000124110224
0750000002001353900000000000000000000000000000000000000194982611772984500000000000000000000000000113-3581611-7729845000124110224
0750000002001353900000000000000000000000000000000000000028942880539625100000000000000000000000000113-4631880-5396251000124110224
0750000002001353900000000000000000000000000000000000000068992283193221400000000000000000000000000114-2562283-1932214000124110224
0750000002001353900000000000000000000000000000000000000029982870278501300000000000000000000000000111-3672870-2785013000124110224
0750000002001353900000000000000000000000000000000000000051972999192424500000000000000000000000000113-9541999-1924245000124110224
0750000002001353900000000000000000000000000000000000000029982185569865200000000000000000000000000113-3150185-5698652000124110224
0750000002001353900000000000000000000000000000000000000198992380948182600000000000000000000000000114-1577380-9481826000124110224
0750000002001353900000000000000000000000000000000000000049982230755305700000000000000000000000000114-6185230-7553057000124110224
0750000002001353900000000000000000000000000000000000000049942677351942200000000000000000000000000112-7360677-3519422000124110224
0750000002001353900000000000000000000000000000000000000142972777074740100000000000000000000000000112-6191777-0747401000124110224
0750000002001353900000000000000000000000000000000000000038992027966740700000000000000000000000000114-5230027-9667407000124130224
0750000002001353900000000000000000000000000000000000000026982879847304500000000000000000000000000112-5978879-8473045000124130224
0750000002001353900000000000000000000000000000000000000126992095237542900000000000000000000000000111-7464095-2375429000124130224
0750000002001353900000000000000000000000000000000000000042972465543222200000000000000000000000000111-9435465-5432222000124130224
07500000020013539000000000000000000000000000000000000001226710000000000000000000000000000000000000000000000000000000000124150224
0750000002001353900000000000000000000000000000000000000214982357317705300000000000000000000000000111-2084357-3177053000124150224
0750000002001353900000000000000000000000000000000000000118992363578904700000000000000000000000000114-5109363-5789047000124150224
0750000002001353900000000000000000000000000000000000000039982142362264400000000000000000000000000111-1105142-3622644000124150224
0750000002001353900000000000000000000000000000000000000013982896830180000000000000000000000000000112-2699896-8301800000124150224
0750000002001353900000000000000000000000000000000000000030992095195862100000000000000000000000000113-1012095-1958621000124150224
0750000002001353900000000000000000000000000000000000000058992204907380700000000000000000000000000112-2496204-9073807000124150224
0750000002001353900000000000000000000000000000000000000024992075701540800000000000000000000000000114-7984075-7015408000124150224
0750000002001353900000000000000000000000000000000000000021982040873705800000000000000000000000000114-1737040-8737058000124150224
0750000002001353900000000000000000000000000000000000000026972904974982200000000000000000000000000112-3516904-9749822000124150224
0750000002001353900000000000000000000000000000000000000057962778779861600000000000000000000000000114-1403778-7798616000124150224
0750000002001353900000000000000000000000000000000000000088992324519940800000000000000000000000000114-8582324-5199408000124150224
0750000002001353900000000000000000000000000000000000000026982302512906600000000000000000000000000113-2757302-5129066000124180224
0750000002001353900000000000000000000000000000000000000030992113723066600000000000000000000000000112-0371113-7230666000124180224
0750000002001353900000000000000000000000000000000000000018482050790101200000000000000000000000000114-6526050-7901012000124180224
0750000002001353900000000000000000000000000000000000000026982763725305800000000000000000000000000113-9203763-7253058000124180224
0750000002001353900000000000000000000000000000000000000048982382158906800000000000000000000000000111-3988382-1589068000124190224
0750000002001353900000000000000000000000000000000000000062992047508746100000000000000000000000000113-6902047-5087461000124190224
0750000002001353900000000000000000000000000000000000000028942530539223600000000000000000000000000111-4775530-5392236000124190224
0750000002001353900000000000000000000000000000000000000038982436649943900000000000000000000000000112-5986436-6499439000124190224
0750000002001353900000000000000000000000000000000000000025982162105786500000000000000000000000000112-9037162-1057865000124190224
0750000002001353900000000000000000000000000000000000000044972853197303600000000000000000000000000111-1274853-1973036000124190224
0750000002001353900000000000000000000000000000000000000024972723811460400000000000000000000000000112-3841723-8114604000124190224
0750000002001353900000000000000000000000000000000000000048982153852902600000000000000000000000000114-4946153-8529026000124190224
0750000002001353900000000000000000000000000000000000000038992374483785700000000000000000000000000113-8561374-4837857000124190224
0750000002001353900000000000000000000000000000000000000029982770697461300000000000000000000000000114-6507770-6974613000124190224
0750000002001353900000000000000000000000000000000000000018992480656580700000000000000000000000000114-6988480-6565807000124200224
0750000002001353900000000000000000000000000000000000000036972962309944800000000000000000000000000111-8120962-3099448000124200224
0750000002001353900000000000000000000000000000000000000015492567319467700000000000000000000000000114-0250567-3194677000124200224
0750000002001353900000000000000000000000000000000000000023492567319467700000000000000000000000000114-0250567-3194677000124200224
0750000002001353900000000000000000000000000000000000000214982210424504700000000000000000000000000113-1894210-4245047000124200224
0750000002001353900000000000000000000000000000000000000025982528119144600000000000000000000000000114-4119528-1191446000124200224
0750000002001353900000000000000000000000000000000000000032982534101942400000000000000000000000000113-5422534-1019424000124200224
0750000002001353900000000000000000000000000000000000000032982579640583500000000000000000000000000111-0205579-6405835000124200224
0750000002001353900000000000000000000000000000000000000032992506925226700000000000000000000000000114-9762506-9252267000124200224
0750000002001353900000000000000000000000000000000000000029982196580503600000000000000000000000000113-9847196-5805036000124200224
0750000002001353900000000000000000000000000000000000000045962414234983200000000000000000000000000113-9114414-2349832000124200224
0750000002001353900000000000000000000000000000000000000018992244375141000000000000000000000000000113-3058244-3751410000124200224
0750000002001353900000000000000000000000000000000000000088992186164824100000000000000000000000000113-0267186-1648241000124200224
0750000002001353900000000000000000000000000000000000000021982881069865900000000000000000000000000111-1552881-0698659000124200224
0750000002001353900000000000000000000000000000000000000056442481469861000000000000000000000000000114-6794481-4698610000124200224
0750000002001353900000000000000000000000000000000000000026492481469861000000000000000000000000000114-6794481-4698610000124200224
0750000002001353900000000000000000000000000000000000000017982815578423600000000000000000000000000113-0007815-5784236000124200224
0750000002001353900000000000000000000000000000000000000048992082283225600000000000000000000000000113-5400082-2832256000124220224
0750000002001353900000000000000000000000000000000000000059992865022340200000000000000000000000000111-0190865-0223402000124220224
0750000002001353900000000000000000000000000000000000000034982124705941400000000000000000000000000113-6964124-7059414000124220224
0750000002001353900000000000000000000000000000000000000038992051807381500000000000000000000000000111-7071051-8073815000124220224
0750000002001353900000000000000000000000000000000000000018992206452500800000000000000000000000000113-9078206-4525008000124220224
0750000002001353900000000000000000000000000000000000000029982029392501000000000000000000000000000112-2925029-3925010000124220224
0750000002001353900000000000000000000000000000000000000058992769627542700000000000000000000000000111-2826769-6275427000124220224
0750000002001353900000000000000000000000000000000000000029982841562022200000000000000000000000000111-4962841-5620222000124220224
0750000002001353900000000000000000000000000000000000000088992009699545600000000000000000000000000113-4755009-6995456000124220224
0750000002001353900000000000000000000000000000000000000048782967364586800000000000000000000000000112-0483967-3645868000124220224
0750000002001353900000000000000000000000000000000000000040162967364586800000000000000000000000000112-0483967-3645868000124220224
0750000002001353900000000000000000000000000000000000000028992222251463700000000000000000000000000114-5671222-2514637000124220224
0750000002001353900000000000000000000000000000000000000039982066477221300000000000000000000000000112-7195066-4772213000124220224
0750000002001353900000000000000000000000000000000000000036482891204182500000000000000000000000000113-6052891-2041825000124220224
0750000002001353900000000000000000000000000000000000000033492891204182500000000000000000000000000113-6052891-2041825000124220224
0750000002001353900000000000000000000000000000000000000189982603126665400000000000000000000000000114-0483603-1266654000124220224
07500000020013539000000000000000000000000000000000000037041310000000000000000000000000000000000000000000000000000000000124230224
0750000002001353900000000000000000000000000000000000000012982266608820000000000000000000000000000111-8766266-6088200000124250224
0750000002001353900000000000000000000000000000000000000042992767665623200000000000000000000000000114-2522767-6656232000124250224
0750000002001353900000000000000000000000000000000000000128992601878660600000000000000000000000000111-9166601-8786606000124250224
0750000002001353900000000000000000000000000000000000000018992429883384100000000000000000000000000111-4429429-8833841000124250224
0750000002001353900000000000000000000000000000000000000039982985962822000000000000000000000000000112-1211985-9628220000124250224
0750000002001353900000000000000000000000000000000000000068992095312421900000000000000000000000000112-3310095-3124219000124250224
0750000002001353900000000000000000000000000000000000000049982013666582900000000000000000000000000113-1227013-6665829000124250224
0750000002001353900000000000000000000000000000000000000029982328071700700000000000000000000000000113-1060328-0717007000124250224
0750000002001353900000000000000000000000000000000000000029982603480900900000000000000000000000000111-3185603-4809009000124250224
0750000002001353900000000000000000000000000000000000000036982376902660700000000000000000000000000113-5372376-9026607000124250224
0750000002001353900000000000000000000000000000000000000013982825103942900000000000000000000000000112-7003825-1039429000124250224
0750000002001353900000000000000000000000000000000000000029982575661306000000000000000000000000000114-4800575-6613060000124250224
0750000002001353900000000000000000000000000000000000000029982036929066600000000000000000000000000112-9744036-9290666000124250224
0750000002001353900000000000000000000000000000000000000049982826963466000000000000000000000000000112-2492826-9634660000124250224
0750000002001353900000000000000000000000000000000000000039982431988342700000000000000000000000000113-0777431-9883427000124250224
0750000002001353900000000000000000000000000000000000000048982488180582000000000000000000000000000113-4047488-1805820000124250224
0750000002001353900000000000000000000000000000000000000189982031956420000000000000000000000000000111-3981031-9564200000124250224
0750000002001353900000000000000000000000000000000000000027982988783141700000000000000000000000000113-5134988-7831417000124270224
0750000002001353900000000000000000000000000000000000000188992314802663900000000000000000000000000113-5855314-8026639000124270224
0750000002001353900000000000000000000000000000000000000019982538408425400000000000000000000000000113-8988538-4084254000124270224
0750000002001353900000000000000000000000000000000000000026982597806821400000000000000000000000000111-1858597-8068214000124270224
0750000002001353900000000000000000000000000000000000000028982386715624600000000000000000000000000114-9625386-7156246000124270224
0750000002001353900000000000000000000000000000000000000029982834568980100000000000000000000000000114-7703834-5689801000124270224
07500000020013539000000000000000000000000000000000000000325610000000000000000000000000000000000000000000000000000000000124290224
0750000002001353900000000000000000000000000000000000000012982477806823900000000000000000000000000112-9810477-8068239000124290224
0750000002001353900000000000000000000000000000000000000041982306810106900000000000000000000000000113-0451306-8101069000124290224
0750000002001353900000000000000000000000000000000000000030992273251063400000000000000000000000000112-8711273-2510634000124290224
0750000002001353900000000000000000000000000000000000000024982658463464500000000000000000000000000112-0386658-4634645000124290224
0750000002001353900000000000000000000000000000000000000038992084759624400000000000000000000000000112-8677084-7596244000124290224
0750000002001353900000000000000000000000000000000000000018992296411546400000000000000000000000000111-8540296-4115464000124290224
0750000002001353900000000000000000000000000000000000000088992197460985200000000000000000000000000114-8175197-4609852000124290224
0750000002001353900000000000000000000000000000000000000024972039941543900000000000000000000000000111-5509039-9415439000124290224
0750000002001353900000000000000000000000000000000000000022982012136825100000000000000000000000000112-6771012-1368251000124290224
0750000002001353900000000000000000000000000000000000000028992867635063500000000000000000000000000114-1341867-6350635000124290224
0750000002001353900000000000000000000000000000000000000048992966596662000000000000000000000000000112-4375966-5966620000124290224
0750000002001353900000000000000000000000000000000000000034982288660825000000000000000000000000000112-5558288-6608250000124290224
0750000002001353900000000000000000000000000000000000000128992464355465500000000000000000000000000113-4475464-3554655000124290224
0750000002001353900000000000000000000000000000000000000078992848185224400000000000000000000000000113-7605848-1852244000124290224
0750000002001353900000000000000000000000000000000000000093982486042105500000000000000000000000000111-0028486-0421055000124290224