0740000002001353907Czech Goods s.r.o.  01111900000013280900+00000016514842+000000461730770000000494070190011300424FIO           
0750000002001353904000000000000000000000000000000000000043902496285661900000000000000000000000000503-7654496-2856619000124020224
0750000002001353904000000000000000000000000000000000000043912496285661900000000000000000000000000503-7654496-2856619000124020224
07500000020013539040000000000000000000000000000000000000641110000000000000000000000000000000000000000000000000000000000124130224
0750000002001353904000000000000000000000000000000000000029982409459265600000000000000000000000000249-4133409-4592656000124150224
0750000002001353904000000000000000000000000000000000000030902489886305500000000000000000000000000250-2881489-8863055000124150224
0750000002001353904000000000000000000000000000000000000036352759868460600000000000000000000000000249-2934759-8684606000124160224
0750000002001353904000000000000000000000000000000000000027272728584065800000000000000000000000000249-4354728-5840658000124160224
0750000002001353904000000000000000000000000000000000000022712588419585900000000000000000000000000250-5735588-4195859000124210224
0750000002001353904000000000000000000000000000000000000062722611527586300000000000000000000000000250-7812611-5275863000124220224
07500000020013539040000000000000000000000000000000000001798910000000000000000000000000000000000000000000000000000000000124270224
0750000002001353904000000000000000000000000000000000000083992911210221300000000000000000000000000503-7256911-2102213000124270224
0750000002001353904000000000000000000000000000000000000033932524045664600000000000000000000000000250-3240524-0456646000124270224
0750000002001353904000000000000000000000000000000000000017562524045664600000000000000000000000000250-3240524-0456646000124270224
0750000002001353904000000000000000000000000000000000000024842524045664600000000000000000000000000250-3240524-0456646000124270224