0740000002001353907Czech Goods s.r.o.  01111900000013280900+00000016514842+000000461730770000000494070190011300424FIO           
0750000002001353907000000000000000000000000000000000000016992431569074200000000000000000000000000403-6765431-5690742000124021120
0750000002001353907000000000000000000000000000000000000010452891456751100000000000000000000000000405-2259891-4567511000124061120
0750000002001353907000000000000000000000000000000000000009302784449314300000000000000000000000000408-8819784-4493143000124061120
0750000002001353907000000000000000000000000000000000000021992026233230700000000000000000000000000404-7185026-2332307000124061120
0750000002001353907000000000000000000000000000000000000016992165312675800000000000000000000000000408-1651165-3126758000124091120
0750000002001353907000000000000000000000000000000000000009302384624674000000000000000000000000000404-8907384-6246740000124091120
07500000020013539070000000000000000000000000000000000001227710000000000000000000000000000000000000000000000000000000000124101120
0750000002001353907000000000000000000000000000000000000018992692624271200000000000000000000000000408-8666692-6242712000124111120
0750000002001353907000000000000000000000000000000000000026542890444036600000000000000000000000000404-7080890-4440366000124111120
0750000002001353907000000000000000000000000000000000000031992069821310400000000000000000000000000407-8810069-8213104000124111120
0750000002001353907000000000000000000000000000000000000017992895493793000000000000000000000000000403-6682895-4937930000124131120
0750000002001353907000000000000000000000000000000000000010452987211311000000000000000000000000000404-3986987-2113110000124131120
0750000002001353907000000000000000000000000000000000000009302028760356500000000000000000000000000404-4027028-7603565000124131120
0750000002001353907000000000000000000000000000000000000010992965173155400000000000000000000000000407-5488965-1731554000124161120
0750000002001353907000000000000000000000000000000000000016992547164993900000000000000000000000000402-0131547-1649939000124161120
0750000002001353907000000000000000000000000000000000000009302174751550900000000000000000000000000405-5928174-7515509000124161120
0750000002001353907000000000000000000000000000000000000012752714595151100000000000000000000000000403-7506714-5951511000124181120
0750000002001353907000000000000000000000000000000000000015052959727716100000000000000000000000000171-8966959-7277161000124201120
0750000002001353907000000000000000000000000000000000000018202311006352200000000000000000000000000403-1847311-0063522000124201120
0750000002001353907000000000000000000000000000000000000015052382402356600000000000000000000000000402-9317382-4023566000124201120
0750000002001353907000000000000000000000000000000000000016992038221232100000000000000000000000000402-7660038-2212321000124201120
0750000002001353907000000000000000000000000000000000000015125400332914500000000000000000000000000171-6776400-3329145000124201120
0750000002001353907000000000000000000000000000000000000015962039502274800000000000000000000000000403-9759039-5022748000124231120
0750000002001353907000000000000000000000000000000000000015962376616032000000000000000000000000000403-5601376-6160320000124231120
0750000002001353907000000000000000000000000000000000000066002419120192000000000000000000000000000408-7515419-1201920000124231120
0750000002001353907000000000000000000000000000000000000043992028828272900000000000000000000000000171-3770028-8282729000124231120
07500000020013539070000000000000000000000000000000000003032910000000000000000000000000000000000000000000000000000000000124241120
0750000002001353907000000000000000000000000000000000000026582275416515600000000000000000000000000403-9506275-4165156000124251120
0750000002001353907000000000000000000000000000000000000008152059170033600000000000000000000000000405-4807059-1700336000124271120
0750000002001353907000000000000000000000000000000000000016992200559871200000000000000000000000000407-1387200-5598712000124271120
0750000002001353907000000000000000000000000000000000000023962610060830500000000000000000000000000405-4521610-0608305000124271120
0750000002001353907000000000000000000000000000000000000016992487969470300000000000000000000000000402-3093487-9694703000124271120
0750000002001353907000000000000000000000000000000000000016992539805792300000000000000000000000000406-3071539-8057923000124301120
0750000002001353907000000000000000000000000000000000000016992280843235300000000000000000000000000171-1193280-8432353000124301120
0750000002001353907000000000000000000000000000000000000041002007920351900000000000000000000000000407-0085007-9203519000124301120
0750000002001353907000000000000000000000000000000000000012692652523316000000000000000000000000000403-3939652-5233160000124301120
0750000002001353907000000000000000000000000000000000000041002877661470800000000000000000000000000404-0203877-6614708000124301120
0750000002001353907000000000000000000000000000000000000009102005815074100000000000000000000000000402-7394005-8150741000124301120
0750000002001353907000000000000000000000000000000000000006802005815074100000000000000000000000000402-7394005-8150741000124301120