0740000002001353907Czech Goods s.r.o.  01111900000013280900+00000016514842+000000461730770000000494070190011300424FIO           
0750000002001353901000000000000000000000000000000000000033982932698264000000000000000000000000000701-9484932-6982640000124011120
0750000002001353901000000000000000000000000000000000000015992301597542600000000000000000000000000702-4317301-5975426000124011120
0750000002001353901000000000000000000000000000000000000033982788492181000000000000000000000000000701-3242788-4921810000124011120
0750000002001353901000000000000000000000000000000000000037812764196980100000000000000000000000000701-6768764-1969801000124011120
0750000002001353901000000000000000000000000000000000000033982053853702400000000000000000000000000701-9065053-8537024000124011120
0750000002001353901000000000000000000000000000000000000032992053853702400000000000000000000000000701-9065053-8537024000124011120
0750000002001353901000000000000000000000000000000000000036982848966743500000000000000000000000000701-9827848-9667435000124011120
0750000002001353901000000000000000000000000000000000000016772810181700400000000000000000000000000701-7514810-1817004000124011120
0750000002001353901000000000000000000000000000000000000019282810181700400000000000000000000000000701-7514810-1817004000124011120
0750000002001353901000000000000000000000000000000000000009762810181700400000000000000000000000000701-7514810-1817004000124011120
0750000002001353901000000000000000000000000000000000000019972810181700400000000000000000000000000701-7514810-1817004000124011120
0750000002001353901000000000000000000000000000000000000009762810181700400000000000000000000000000701-7514810-1817004000124011120
0750000002001353901000000000000000000000000000000000000033982967516740500000000000000000000000000702-9963967-5167405000124011120
0750000002001353901000000000000000000000000000000000000042992371180980200000000000000000000000000701-4321371-1809802000124011120
0750000002001353901000000000000000000000000000000000000021992257416582200000000000000000000000000701-6240257-4165822000124011120
0750000002001353901000000000000000000000000000000000000033982835830425700000000000000000000000000701-2083835-8304257000124011120
0750000002001353901000000000000000000000000000000000000027992158204104100000000000000000000000000701-0535158-2041041000124031120
0750000002001353901000000000000000000000000000000000000033982955293301200000000000000000000000000702-0921955-2933012000124031120
0750000002001353901000000000000000000000000000000000000087972597423225500000000000000000000000000701-5447597-4232255000124031120
0750000002001353901000000000000000000000000000000000000087972745444585800000000000000000000000000701-6345745-4445858000124031120
0750000002001353901000000000000000000000000000000000000085992786674985400000000000000000000000000702-5128786-6749854000124031120
0750000002001353901000000000000000000000000000000000000019992783350340800000000000000000000000000702-1609783-3503408000124031120
0750000002001353901000000000000000000000000000000000000036992734506743100000000000000000000000000701-1621734-5067431000124031120
0750000002001353901000000000000000000000000000000000000033982104931783400000000000000000000000000702-8569104-9317834000124031120
0750000002001353901000000000000000000000000000000000000031982119552826300000000000000000000000000701-7101119-5528263000124031120
0750000002001353901000000000000000000000000000000000000028982494156504100000000000000000000000000702-5435494-1565041000124051120
0750000002001353901000000000000000000000000000000000000030992856981702900000000000000000000000000702-3317856-9817029000124051120
0750000002001353901000000000000000000000000000000000000093992102096984800000000000000000000000000702-6103102-0969848000124051120
0750000002001353901000000000000000000000000000000000000011992339771786300000000000000000000000000702-2152339-7717863000124051120
0750000002001353901000000000000000000000000000000000000016992050158744500000000000000000000000000701-0291050-1587445000124051120
07500000020013539010000000000000000000000000000000000016554910000000000000000000000000000000000000000000000000000000000124061120
0750000002001353901000000000000000000000000000000000000014992448934586300000000000000000000000000701-9611448-9345863000124081120
0750000002001353901000000000000000000000000000000000000082792959963623400000000000000000000000000702-2431959-9636234000124081120
0750000002001353901000000000000000000000000000000000000030992717457385500000000000000000000000000701-3194717-4573855000124081120
0750000002001353901000000000000000000000000000000000000031982174477783000000000000000000000000000701-4541174-4777830000124081120
0750000002001353901000000000000000000000000000000000000073992430940820500000000000000000000000000701-2913430-9408205000124081120
0750000002001353901000000000000000000000000000000000000019992303476745500000000000000000000000000701-8472303-4767455000124081120
0750000002001353901000000000000000000000000000000000000031982837115626800000000000000000000000000701-9651837-1156268000124081120
0750000002001353901000000000000000000000000000000000000033982717971460900000000000000000000000000702-5563717-9714609000124081120
0750000002001353901000000000000000000000000000000000000016992117230026000000000000000000000000000701-6203117-2300260000124081120
0750000002001353901000000000000000000000000000000000000033982372574822700000000000000000000000000702-2713372-5748227000124101120
0750000002001353901000000000000000000000000000000000000044982370863864100000000000000000000000000701-5971370-8638641000124101120
0750000002001353901000000000000000000000000000000000000016992734231860300000000000000000000000000702-7681734-2318603000124101120
0750000002001353901000000000000000000000000000000000000034982239042264900000000000000000000000000701-5290239-0422649000124121120
0750000002001353901000000000000000000000000000000000000034982334552421500000000000000000000000000701-5914334-5524215000124121120
0750000002001353901000000000000000000000000000000000000033992189954983000000000000000000000000000701-2776189-9549830000124121120
0750000002001353901000000000000000000000000000000000000033982217518181900000000000000000000000000701-0342217-5181819000124121120
0750000002001353901000000000000000000000000000000000000020992290878346000000000000000000000000000701-2551290-8783460000124151120
0750000002001353901000000000000000000000000000000000000037512171676262000000000000000000000000000702-2688171-6762620000124151120
0750000002001353901000000000000000000000000000000000000073992438807300300000000000000000000000000701-3661438-8073003000124151120
0750000002001353901000000000000000000000000000000000000042992298310583200000000000000000000000000702-0649298-3105832000124151120
0750000002001353901000000000000000000000000000000000000045992134490582300000000000000000000000000702-5606134-4905823000124151120
0750000002001353901000000000000000000000000000000000000021982904003781200000000000000000000000000702-0866904-0037812000124151120
0750000002001353901000000000000000000000000000000000000059982311140180500000000000000000000000000702-8566311-1401805000124151120
0750000002001353901000000000000000000000000000000000000063992983765704200000000000000000000000000701-1528983-7657042000124171120
0750000002001353901000000000000000000000000000000000000010802571263380800000000000000000000000000701-0860571-2633808000124171120
0750000002001353901000000000000000000000000000000000000018662571263380800000000000000000000000000701-0860571-2633808000124171120
0750000002001353901000000000000000000000000000000000000020822571263380800000000000000000000000000701-0860571-2633808000124171120
0750000002001353901000000000000000000000000000000000000057972640399383400000000000000000000000000702-1539640-3993834000124171120
0750000002001353901000000000000000000000000000000000000042992272727622500000000000000000000000000702-2917272-7276225000124171120
0750000002001353901000000000000000000000000000000000000010702917792585700000000000000000000000000701-5901917-7925857000124171120
0750000002001353901000000000000000000000000000000000000013562323931386300000000000000000000000000702-4897323-9313863000124171120
0750000002001353901000000000000000000000000000000000000044982018707541900000000000000000000000000702-7170018-7075419000124171120
0750000002001353901000000000000000000000000000000000000030992987532102300000000000000000000000000701-8613987-5321023000124171120
0750000002001353901000000000000000000000000000000000000030992619745303500000000000000000000000000702-6815619-7453035000124191120
0750000002001353901000000000000000000000000000000000000034982996546823600000000000000000000000000701-0714996-5468236000124191120
0750000002001353901000000000000000000000000000000000000039982232086341400000000000000000000000000701-0539232-0863414000124191120
0750000002001353901000000000000000000000000000000000000033992991419066500000000000000000000000000701-6736991-4190665000124191120
0750000002001353901000000000000000000000000000000000000044982649169943900000000000000000000000000702-2186649-1699439000124191120
07500000020013539010000000000000000000000000000000000011745510000000000000000000000000000000000000000000000000000000000124201120
0750000002001353901000000000000000000000000000000000000021222810434822700000000000000000000000000701-0042810-4348227000124231120
0750000002001353901000000000000000000000000000000000000092992967199302300000000000000000000000000701-3956967-1993023000124231120
0750000002001353901000000000000000000000000000000000000059972818926426900000000000000000000000000702-3157818-9264269000124231120
0750000002001353901000000000000000000000000000000000000198992913386424300000000000000000000000000702-9932913-3864243000124231120
0750000002001353901000000000000000000000000000000000000096982644906824800000000000000000000000000702-7236644-9068248000124231120
0750000002001353901000000000000000000000000000000000000013992829473544600000000000000000000000000702-8490829-4735446000124231120
0750000002001353901000000000000000000000000000000000000042992668733223700000000000000000000000000702-1075668-7332237000124241120
0750000002001353901000000000000000000000000000000000000034982869780745000000000000000000000000000702-1809869-7807450000124241120
0750000002001353901000000000000000000000000000000000000039992837423223700000000000000000000000000701-9600837-4232237000124241120
0750000002001353901000000000000000000000000000000000000029982026215543900000000000000000000000000702-5685026-2155439000124241120
0750000002001353901000000000000000000000000000000000000020992737255144000000000000000000000000000702-6599737-2551440000124241120
0750000002001353901000000000000000000000000000000000000013992115553782600000000000000000000000000702-4837115-5537826000124241120
0750000002001353901000000000000000000000000000000000000028982969862741600000000000000000000000000701-7162969-8627416000124241120
0750000002001353901000000000000000000000000000000000000025982340996906300000000000000000000000000701-1868340-9969063000124241120
0750000002001353901000000000000000000000000000000000000023992247372101400000000000000000000000000701-9703247-3721014000124261120
0750000002001353901000000000000000000000000000000000000017982432102665800000000000000000000000000702-9030432-1026658000124261120
0750000002001353901000000000000000000000000000000000000020992475618426800000000000000000000000000702-3822475-6184268000124261120
0750000002001353901000000000000000000000000000000000000028982690853546100000000000000000000000000701-8000690-8535461000124301120
0750000002001353901000000000000000000000000000000000000033582888288505900000000000000000000000000701-1826888-2885059000124301120
0750000002001353901000000000000000000000000000000000000096982859157381400000000000000000000000000702-1543859-1573814000124301120
0750000002001353901000000000000000000000000000000000000031982637768500600000000000000000000000000702-3626637-7685006000124301120
0750000002001353901000000000000000000000000000000000000022142801798504100000000000000000000000000701-7599801-7985041000124301120
0750000002001353901000000000000000000000000000000000000036982256474180600000000000000000000000000701-7242256-4741806000124301120
0750000002001353901000000000000000000000000000000000000022142347857700100000000000000000000000000701-6795347-8577001000124301120
0750000002001353901000000000000000000000000000000000000023992723506586700000000000000000000000000701-7004723-5065867000124301120
0750000002001353901000000000000000000000000000000000000022272361898746300000000000000000000000000702-5296361-8987463000124301120
0750000002001353901000000000000000000000000000000000000013992463866343000000000000000000000000000702-3002463-8663430000124301120
0750000002001353901000000000000000000000000000000000000028982825710105500000000000000000000000000701-4435825-7101055000124301120
0750000002001353901000000000000000000000000000000000000029992936677544000000000000000000000000000701-6836936-6775440000124301120
0750000002001353901000000000000000000000000000000000000026982550782665500000000000000000000000000701-1649550-7826655000124301120
0750000002001353901000000000000000000000000000000000000023992769225625800000000000000000000000000701-6623769-2256258000124301120